%YAML 1.1
%TAG !u! tag:unity3d.com,2011:
--- !u!29 &1
OcclusionCullingSettings:
  m_ObjectHideFlags: 0
  serializedVersion: 2
  m_OcclusionBakeSettings:
    smallestOccluder: 5
    smallestHole: 0.25
    backfaceThreshold: 100
  m_SceneGUID: 00000000000000000000000000000000
  m_OcclusionCullingData: {fileID: 0}
--- !u!104 &2
RenderSettings:
  m_ObjectHideFlags: 0
  serializedVersion: 9
  m_Fog: 0
  m_FogColor: {r: 0.5, g: 0.5, b: 0.5, a: 1}
  m_FogMode: 3
  m_FogDensity: 0.01
  m_LinearFogStart: 0
  m_LinearFogEnd: 300
  m_AmbientSkyColor: {r: 0.212, g: 0.227, b: 0.259, a: 1}
  m_AmbientEquatorColor: {r: 0.114, g: 0.125, b: 0.133, a: 1}
  m_AmbientGroundColor: {r: 0.047, g: 0.043, b: 0.035, a: 1}
  m_AmbientIntensity: 1
  m_AmbientMode: 0
  m_SubtractiveShadowColor: {r: 0.42, g: 0.478, b: 0.627, a: 1}
  m_SkyboxMaterial: {fileID: 0}
  m_HaloStrength: 0.5
  m_FlareStrength: 1
  m_FlareFadeSpeed: 3
  m_HaloTexture: {fileID: 0}
  m_SpotCookie: {fileID: 10001, guid: 0000000000000000e000000000000000, type: 0}
  m_DefaultReflectionMode: 0
  m_DefaultReflectionResolution: 128
  m_ReflectionBounces: 1
  m_ReflectionIntensity: 1
  m_CustomReflection: {fileID: 0}
  m_Sun: {fileID: 0}
  m_IndirectSpecularColor: {r: 0, g: 0, b: 0, a: 1}
  m_UseRadianceAmbientProbe: 0
--- !u!157 &3
LightmapSettings:
  m_ObjectHideFlags: 0
  serializedVersion: 12
  m_GIWorkflowMode: 1
  m_GISettings:
    serializedVersion: 2
    m_BounceScale: 1
    m_IndirectOutputScale: 1
    m_AlbedoBoost: 1
    m_EnvironmentLightingMode: 0
    m_EnableBakedLightmaps: 1
    m_EnableRealtimeLightmaps: 0
  m_LightmapEditorSettings:
    serializedVersion: 12
    m_Resolution: 2
    m_BakeResolution: 40
    m_AtlasSize: 1024
    m_AO: 0
    m_AOMaxDistance: 1
    m_CompAOExponent: 1
    m_CompAOExponentDirect: 0
    m_ExtractAmbientOcclusion: 0
    m_Padding: 2
    m_LightmapParameters: {fileID: 0}
    m_LightmapsBakeMode: 1
    m_TextureCompression: 1
    m_FinalGather: 0
    m_FinalGatherFiltering: 1
    m_FinalGatherRayCount: 256
    m_ReflectionCompression: 2
    m_MixedBakeMode: 2
    m_BakeBackend: 1
    m_PVRSampling: 1
    m_PVRDirectSampleCount: 32
    m_PVRSampleCount: 512
    m_PVRBounces: 2
    m_PVREnvironmentSampleCount: 256
    m_PVREnvironmentReferencePointCount: 2048
    m_PVRFilteringMode: 1
    m_PVRDenoiserTypeDirect: 1
    m_PVRDenoiserTypeIndirect: 1
    m_PVRDenoiserTypeAO: 1
    m_PVRFilterTypeDirect: 0
    m_PVRFilterTypeIndirect: 0
    m_PVRFilterTypeAO: 0
    m_PVREnvironmentMIS: 1
    m_PVRCulling: 1
    m_PVRFilteringGaussRadiusDirect: 1
    m_PVRFilteringGaussRadiusIndirect: 5
    m_PVRFilteringGaussRadiusAO: 2
    m_PVRFilteringAtrousPositionSigmaDirect: 0.5
    m_PVRFilteringAtrousPositionSigmaIndirect: 2
    m_PVRFilteringAtrousPositionSigmaAO: 1
    m_ExportTrainingData: 0
    m_TrainingDataDestination: TrainingData
    m_LightProbeSampleCountMultiplier: 4
  m_LightingDataAsset: {fileID: 0}
  m_LightingSettings: {fileID: 0}
--- !u!196 &4
NavMeshSettings:
  serializedVersion: 2
  m_ObjectHideFlags: 0
  m_BuildSettings:
    serializedVersion: 2
    agentTypeID: 0
    agentRadius: 0.5
    agentHeight: 2
    agentSlope: 45
    agentClimb: 0.4
    ledgeDropHeight: 0
    maxJumpAcrossDistance: 0
    minRegionArea: 2
    manualCellSize: 0
    cellSize: 0.16666667
    manualTileSize: 0
    tileSize: 256
    accuratePlacement: 0
    maxJobWorkers: 0
    preserveTilesOutsideBounds: 0
    debug:
      m_Flags: 0
  m_NavMeshData: {fileID: 0}
--- !u!1001 &52545629
PrefabInstance:
  m_ObjectHideFlags: 0
  serializedVersion: 2
  m_Modification:
    m_TransformParent: {fileID: 0}
    m_Modifications:
    - target: {fileID: 2700874171910072504, guid: 330efb0e9eed825408809c121441b8a5, type: 3}
      propertyPath: m_Name
      value: vThirdPersonCamera_LITE
      objectReference: {fileID: 0}
    - target: {fileID: 2700874171910072505, guid: 330efb0e9eed825408809c121441b8a5, type: 3}
      propertyPath: m_LocalPosition.x
      value: 25.086567
      objectReference: {fileID: 0}
    - target: {fileID: 2700874171910072505, guid: 330efb0e9eed825408809c121441b8a5, type: 3}
      propertyPath: m_LocalPosition.y
      value: 2.8048506
      objectReference: {fileID: 0}
    - target: {fileID: 2700874171910072505, guid: 330efb0e9eed825408809c121441b8a5, type: 3}
      propertyPath: m_LocalPosition.z
      value: 16.291666
      objectReference: {fileID: 0}
    - target: {fileID: 2700874171910072505, guid: 330efb0e9eed825408809c121441b8a5, type: 3}
      propertyPath: m_LocalRotation.x
      value: 0.0013653951
      objectReference: {fileID: 0}
    - target: {fileID: 2700874171910072505, guid: 330efb0e9eed825408809c121441b8a5, type: 3}
      propertyPath: m_LocalRotation.y
      value: -0.9818259
      objectReference: {fileID: 0}
    - target: {fileID: 2700874171910072505, guid: 330efb0e9eed825408809c121441b8a5, type: 3}
      propertyPath: m_LocalRotation.z
      value: 0.18964753
      objectReference: {fileID: 0}
    - target: {fileID: 2700874171910072505, guid: 330efb0e9eed825408809c121441b8a5, type: 3}
      propertyPath: m_LocalRotation.w
      value: 0.0070688
      objectReference: {fileID: 0}
    - target: {fileID: 2700874171910072505, guid: 330efb0e9eed825408809c121441b8a5, type: 3}
      propertyPath: m_RootOrder
      value: 2
      objectReference: {fileID: 0}
    - target: {fileID: 2700874171910072505, guid: 330efb0e9eed825408809c121441b8a5, type: 3}
      propertyPath: m_LocalEulerAnglesHint.x
      value: 21.865002
      objectReference: {fileID: 0}
    - target: {fileID: 2700874171910072505, guid: 330efb0e9eed825408809c121441b8a5, type: 3}
      propertyPath: m_LocalEulerAnglesHint.y
      value: -179.175
      objectReference: {fileID: 0}
    - target: {fileID: 2700874171910072505, guid: 330efb0e9eed825408809c121441b8a5, type: 3}
      propertyPath: m_LocalEulerAnglesHint.z
      value: 0
      objectReference: {fileID: 0}
    m_RemovedComponents: []
  m_SourcePrefab: {fileID: 100100000, guid: 330efb0e9eed825408809c121441b8a5, type: 3}
--- !u!1 &207747087
GameObject:
  m_ObjectHideFlags: 0
  m_CorrespondingSourceObject: {fileID: 0}
  m_PrefabInstance: {fileID: 0}
  m_PrefabAsset: {fileID: 0}
  serializedVersion: 6
  m_Component:
  - component: {fileID: 207747092}
  - component: {fileID: 207747091}
  - component: {fileID: 207747090}
  - component: {fileID: 207747089}
  - component: {fileID: 207747088}
  m_Layer: 0
  m_Name: Cube
  m_TagString: Untagged
  m_Icon: {fileID: 0}
  m_NavMeshLayer: 0
  m_StaticEditorFlags: 0
  m_IsActive: 1
--- !u!64 &207747088
MeshCollider:
  m_ObjectHideFlags: 0
  m_CorrespondingSourceObject: {fileID: 0}
  m_PrefabInstance: {fileID: 0}
  m_PrefabAsset: {fileID: 0}
  m_GameObject: {fileID: 207747087}
  m_Material: {fileID: 0}
  m_IsTrigger: 0
  m_Enabled: 1
  serializedVersion: 4
  m_Convex: 0
  m_CookingOptions: 30
  m_Mesh: {fileID: 1625213957}
--- !u!114 &207747089
MonoBehaviour:
  m_ObjectHideFlags: 0
  m_CorrespondingSourceObject: {fileID: 0}
  m_PrefabInstance: {fileID: 0}
  m_PrefabAsset: {fileID: 0}
  m_GameObject: {fileID: 207747087}
  m_Enabled: 1
  m_EditorHideFlags: 0
  m_Script: {fileID: 11500000, guid: 8233d90336aea43098adf6dbabd606a2, type: 3}
  m_Name: 
  m_EditorClassIdentifier: 
  m_MeshFormatVersion: 1
  m_Faces:
  - m_Indexes: 000000000100000002000000010000000300000002000000
    m_SmoothingGroup: 0
    m_Uv:
      m_UseWorldSpace: 0
      m_FlipU: 0
      m_FlipV: 0
      m_SwapUV: 0
      m_Fill: 1
      m_Scale: {x: 1, y: 1}
      m_Offset: {x: 0, y: 0}
      m_Rotation: 0
      m_Anchor: 9
    m_Material: {fileID: 0}
    m_SubmeshIndex: 0
    m_ManualUV: 0
    elementGroup: -1
    m_TextureGroup: -1
  - m_Indexes: 040000000500000006000000050000000700000006000000
    m_SmoothingGroup: 0
    m_Uv:
      m_UseWorldSpace: 0
      m_FlipU: 0
      m_FlipV: 0
      m_SwapUV: 0
      m_Fill: 1
      m_Scale: {x: 1, y: 1}
      m_Offset: {x: 0, y: 0}
      m_Rotation: 0
      m_Anchor: 9
    m_Material: {fileID: 0}
    m_SubmeshIndex: 0
    m_ManualUV: 0
    elementGroup: -1
    m_TextureGroup: -1
  - m_Indexes: 08000000090000000a000000090000000b0000000a000000
    m_SmoothingGroup: 0
    m_Uv:
      m_UseWorldSpace: 0
      m_FlipU: 0
      m_FlipV: 0
      m_SwapUV: 0
      m_Fill: 1
      m_Scale: {x: 1, y: 1}
      m_Offset: {x: 0, y: 0}
      m_Rotation: 0
      m_Anchor: 9
    m_Material: {fileID: 0}
    m_SubmeshIndex: 0
    m_ManualUV: 0
    elementGroup: -1
    m_TextureGroup: -1
  - m_Indexes: 0c0000000d0000000e0000000d0000000f0000000e000000
    m_SmoothingGroup: 0
    m_Uv:
      m_UseWorldSpace: 0
      m_FlipU: 0
      m_FlipV: 0
      m_SwapUV: 0
      m_Fill: 1
      m_Scale: {x: 1, y: 1}
      m_Offset: {x: 0, y: 0}
      m_Rotation: 0
      m_Anchor: 9
    m_Material: {fileID: 0}
    m_SubmeshIndex: 0
    m_ManualUV: 0
    elementGroup: -1
    m_TextureGroup: -1
  - m_Indexes: 100000001100000012000000110000001300000012000000
    m_SmoothingGroup: 0
    m_Uv:
      m_UseWorldSpace: 0
      m_FlipU: 0
      m_FlipV: 0
      m_SwapUV: 0
      m_Fill: 1
      m_Scale: {x: 1, y: 1}
      m_Offset: {x: 0, y: 0}
      m_Rotation: 0
      m_Anchor: 9
    m_Material: {fileID: 0}
    m_SubmeshIndex: 0
    m_ManualUV: 0
    elementGroup: -1
    m_TextureGroup: -1
  - m_Indexes: 140000001500000016000000150000001700000016000000
    m_SmoothingGroup: 0
    m_Uv:
      m_UseWorldSpace: 0
      m_FlipU: 0
      m_FlipV: 0
      m_SwapUV: 0
      m_Fill: 1
      m_Scale: {x: 1, y: 1}
      m_Offset: {x: 0, y: 0}
      m_Rotation: 0
      m_Anchor: 9
    m_Material: {fileID: 0}
    m_SubmeshIndex: 0
    m_ManualUV: 0
    elementGroup: -1
    m_TextureGroup: -1
  - m_Indexes: 18000000190000001a000000190000001b0000001a000000
    m_SmoothingGroup: 0
    m_Uv:
      m_UseWorldSpace: 0
      m_FlipU: 0
      m_FlipV: 0
      m_SwapUV: 0
      m_Fill: 1
      m_Scale: {x: 1, y: 1}
      m_Offset: {x: 0, y: 0}
      m_Rotation: 0
      m_Anchor: 9
    m_Material: {fileID: 0}
    m_SubmeshIndex: 0
    m_ManualUV: 0
    elementGroup: -1
    m_TextureGroup: -1
  - m_Indexes: 1c0000001d0000001e0000001d0000001f0000001e000000
    m_SmoothingGroup: 0
    m_Uv:
      m_UseWorldSpace: 0
      m_FlipU: 0
      m_FlipV: 0
      m_SwapUV: 0
      m_Fill: 1
      m_Scale: {x: 1, y: 1}
      m_Offset: {x: 0, y: 0}
      m_Rotation: 0
      m_Anchor: 9
    m_Material: {fileID: 0}
    m_SubmeshIndex: 0
    m_ManualUV: 0
    elementGroup: -1
    m_TextureGroup: -1
  - m_Indexes: 200000002100000022000000210000002300000022000000
    m_SmoothingGroup: 0
    m_Uv:
      m_UseWorldSpace: 0
      m_FlipU: 0
      m_FlipV: 0
      m_SwapUV: 0
      m_Fill: 1
      m_Scale: {x: 1, y: 1}
      m_Offset: {x: 0, y: 0}
      m_Rotation: 0
      m_Anchor: 9
    m_Material: {fileID: 0}
    m_SubmeshIndex: 0
    m_ManualUV: 0
    elementGroup: -1
    m_TextureGroup: -1
  - m_Indexes: 240000002500000026000000250000002700000026000000
    m_SmoothingGroup: 0
    m_Uv:
      m_UseWorldSpace: 0
      m_FlipU: 0
      m_FlipV: 0
      m_SwapUV: 0
      m_Fill: 1
      m_Scale: {x: 1, y: 1}
      m_Offset: {x: 0, y: 0}
      m_Rotation: 0
      m_Anchor: 9
    m_Material: {fileID: 0}
    m_SubmeshIndex: 0
    m_ManualUV: 0
    elementGroup: -1
    m_TextureGroup: -1
  - m_Indexes: 28000000290000002a000000290000002b0000002a000000
    m_SmoothingGroup: 0
    m_Uv:
      m_UseWorldSpace: 0
      m_FlipU: 0
      m_FlipV: 0
      m_SwapUV: 0
      m_Fill: 1
      m_Scale: {x: 1, y: 1}
      m_Offset: {x: 0, y: 0}
      m_Rotation: 0
      m_Anchor: 9
    m_Material: {fileID: 0}
    m_SubmeshIndex: 0
    m_ManualUV: 0
    elementGroup: -1
    m_TextureGroup: -1
  - m_Indexes: 2c0000002d0000002e0000002d0000002f0000002e000000
    m_SmoothingGroup: 0
    m_Uv:
      m_UseWorldSpace: 0
      m_FlipU: 0
      m_FlipV: 0
      m_SwapUV: 0
      m_Fill: 1
      m_Scale: {x: 1, y: 1}
      m_Offset: {x: 0, y: 0}
      m_Rotation: 0
      m_Anchor: 9
    m_Material: {fileID: 0}
    m_SubmeshIndex: 0
    m_ManualUV: 0
    elementGroup: -1
    m_TextureGroup: -1
  - m_Indexes: 300000003100000032000000310000003300000032000000
    m_SmoothingGroup: 0
    m_Uv:
      m_UseWorldSpace: 0
      m_FlipU: 0
      m_FlipV: 0
      m_SwapUV: 0
      m_Fill: 1
      m_Scale: {x: 1, y: 1}
      m_Offset: {x: 0, y: 0}
      m_Rotation: 0
      m_Anchor: 9
    m_Material: {fileID: 0}
    m_SubmeshIndex: 0
    m_ManualUV: 0
    elementGroup: -1
    m_TextureGroup: -1
  - m_Indexes: 340000003500000036000000350000003700000036000000
    m_SmoothingGroup: 0
    m_Uv:
      m_UseWorldSpace: 0
      m_FlipU: 0
      m_FlipV: 0
      m_SwapUV: 0
      m_Fill: 1
      m_Scale: {x: 1, y: 1}
      m_Offset: {x: 0, y: 0}
      m_Rotation: 0
      m_Anchor: 9
    m_Material: {fileID: 0}
    m_SubmeshIndex: 0
    m_ManualUV: 0
    elementGroup: -1
    m_TextureGroup: -1
  - m_Indexes: 38000000390000003a000000390000003b0000003a000000
    m_SmoothingGroup: 0
    m_Uv:
      m_UseWorldSpace: 0
      m_FlipU: 0
      m_FlipV: 0
      m_SwapUV: 0
      m_Fill: 1
      m_Scale: {x: 1, y: 1}
      m_Offset: {x: 0, y: 0}
      m_Rotation: 0
      m_Anchor: 9
    m_Material: {fileID: 0}
    m_SubmeshIndex: 0
    m_ManualUV: 0
    elementGroup: -1
    m_TextureGroup: -1
  - m_Indexes: 3c0000003d0000003e0000003d0000003f0000003e000000
    m_SmoothingGroup: 0
    m_Uv:
      m_UseWorldSpace: 0
      m_FlipU: 0
      m_FlipV: 0
      m_SwapUV: 0
      m_Fill: 1
      m_Scale: {x: 1, y: 1}
      m_Offset: {x: 0, y: 0}
      m_Rotation: 0
      m_Anchor: 9
    m_Material: {fileID: 0}
    m_SubmeshIndex: 0
    m_ManualUV: 0
    elementGroup: -1
    m_TextureGroup: -1
  - m_Indexes: 400000004100000042000000410000004300000042000000
    m_SmoothingGroup: 0
    m_Uv:
      m_UseWorldSpace: 0
      m_FlipU: 0
      m_FlipV: 0
      m_SwapUV: 0
      m_Fill: 1
      m_Scale: {x: 1, y: 1}
      m_Offset: {x: 0, y: 0}
      m_Rotation: 0
      m_Anchor: 9
    m_Material: {fileID: 0}
    m_SubmeshIndex: 0
    m_ManualUV: 0
    elementGroup: -1
    m_TextureGroup: -1
  - m_Indexes: 440000004500000046000000450000004700000046000000
    m_SmoothingGroup: 0
    m_Uv:
      m_UseWorldSpace: 0
      m_FlipU: 0
      m_FlipV: 0
      m_SwapUV: 0
      m_Fill: 1
      m_Scale: {x: 1, y: 1}
      m_Offset: {x: 0, y: 0}
      m_Rotation: 0
      m_Anchor: 9
    m_Material: {fileID: 0}
    m_SubmeshIndex: 0
    m_ManualUV: 0
    elementGroup: -1
    m_TextureGroup: -1
  - m_Indexes: 48000000490000004a000000490000004b0000004a000000
    m_SmoothingGroup: 0
    m_Uv:
      m_UseWorldSpace: 0
      m_FlipU: 0
      m_FlipV: 0
      m_SwapUV: 0
      m_Fill: 1
      m_Scale: {x: 1, y: 1}
      m_Offset: {x: 0, y: 0}
      m_Rotation: 0
      m_Anchor: 9
    m_Material: {fileID: 0}
    m_SubmeshIndex: 0
    m_ManualUV: 0
    elementGroup: -1
    m_TextureGroup: -1
  - m_Indexes: 4c0000004d0000004e0000004d0000004f0000004e000000
    m_SmoothingGroup: 0
    m_Uv:
      m_UseWorldSpace: 0
      m_FlipU: 0
      m_FlipV: 0
      m_SwapUV: 0
      m_Fill: 1
      m_Scale: {x: 1, y: 1}
      m_Offset: {x: 0, y: 0}
      m_Rotation: 0
      m_Anchor: 9
    m_Material: {fileID: 0}
    m_SubmeshIndex: 0
    m_ManualUV: 0
    elementGroup: -1
    m_TextureGroup: -1
  - m_Indexes: 500000005100000052000000510000005300000052000000
    m_SmoothingGroup: 0
    m_Uv:
      m_UseWorldSpace: 0
      m_FlipU: 0
      m_FlipV: 0
      m_SwapUV: 0
      m_Fill: 1
      m_Scale: {x: 1, y: 1}
      m_Offset: {x: 0, y: 0}
      m_Rotation: 0
      m_Anchor: 9
    m_Material: {fileID: 0}
    m_SubmeshIndex: 0
    m_ManualUV: 0
    elementGroup: -1
    m_TextureGroup: -1
  - m_Indexes: 540000005500000056000000550000005700000056000000
    m_SmoothingGroup: 0
    m_Uv:
      m_UseWorldSpace: 0
      m_FlipU: 0
      m_FlipV: 0
      m_SwapUV: 0
      m_Fill: 1
      m_Scale: {x: 1, y: 1}
      m_Offset: {x: 0, y: 0}
      m_Rotation: 0
      m_Anchor: 9
    m_Material: {fileID: 0}
    m_SubmeshIndex: 0
    m_ManualUV: 0
    elementGroup: -1
    m_TextureGroup: -1
  - m_Indexes: 58000000590000005a000000590000005b0000005a000000
    m_SmoothingGroup: 0
    m_Uv:
      m_UseWorldSpace: 0
      m_FlipU: 0
      m_FlipV: 0
      m_SwapUV: 0
      m_Fill: 1
      m_Scale: {x: 1, y: 1}
      m_Offset: {x: 0, y: 0}
      m_Rotation: 0
      m_Anchor: 9
    m_Material: {fileID: 0}
    m_SubmeshIndex: 0
    m_ManualUV: 0
    elementGroup: -1
    m_TextureGroup: -1
  - m_Indexes: 5c0000005d0000005e0000005d0000005f0000005e000000
    m_SmoothingGroup: 0
    m_Uv:
      m_UseWorldSpace: 0
      m_FlipU: 0
      m_FlipV: 0
      m_SwapUV: 0
      m_Fill: 1
      m_Scale: {x: 1, y: 1}
      m_Offset: {x: 0, y: 0}
      m_Rotation: 0
      m_Anchor: 9
    m_Material: {fileID: 0}
    m_SubmeshIndex: 0
    m_ManualUV: 0
    elementGroup: -1
    m_TextureGroup: -1
  - m_Indexes: 600000006100000062000000610000006300000062000000
    m_SmoothingGroup: 0
    m_Uv:
      m_UseWorldSpace: 0
      m_FlipU: 0
      m_FlipV: 0
      m_SwapUV: 0
      m_Fill: 1
      m_Scale: {x: 1, y: 1}
      m_Offset: {x: 0, y: 0}
      m_Rotation: 0
      m_Anchor: 9
    m_Material: {fileID: 0}
    m_SubmeshIndex: 0
    m_ManualUV: 0
    elementGroup: -1
    m_TextureGroup: -1
  - m_Indexes: 640000006500000066000000650000006700000066000000
    m_SmoothingGroup: 0
    m_Uv:
      m_UseWorldSpace: 0
      m_FlipU: 0
      m_FlipV: 0
      m_SwapUV: 0
      m_Fill: 1
      m_Scale: {x: 1, y: 1}
      m_Offset: {x: 0, y: 0}
      m_Rotation: 0
      m_Anchor: 9
    m_Material: {fileID: 0}
    m_SubmeshIndex: 0
    m_ManualUV: 0
    elementGroup: -1
    m_TextureGroup: -1
  - m_Indexes: 68000000690000006a000000690000006b0000006a000000
    m_SmoothingGroup: 0
    m_Uv:
      m_UseWorldSpace: 0
      m_FlipU: 0
      m_FlipV: 0
      m_SwapUV: 0
      m_Fill: 1
      m_Scale: {x: 1, y: 1}
      m_Offset: {x: 0, y: 0}
      m_Rotation: 0
      m_Anchor: 9
    m_Material: {fileID: 0}
    m_SubmeshIndex: 0
    m_ManualUV: 0
    elementGroup: -1
    m_TextureGroup: -1
  - m_Indexes: 6c0000006d0000006e0000006d0000006f0000006e000000
    m_SmoothingGroup: 0
    m_Uv:
      m_UseWorldSpace: 0
      m_FlipU: 0
      m_FlipV: 0
      m_SwapUV: 0
      m_Fill: 1
      m_Scale: {x: 1, y: 1}
      m_Offset: {x: 0, y: 0}
      m_Rotation: 0
      m_Anchor: 9
    m_Material: {fileID: 0}
    m_SubmeshIndex: 0
    m_ManualUV: 0
    elementGroup: -1
    m_TextureGroup: -1
  - m_Indexes: 700000007100000072000000710000007300000072000000
    m_SmoothingGroup: 0
    m_Uv:
      m_UseWorldSpace: 0
      m_FlipU: 0
      m_FlipV: 0
      m_SwapUV: 0
      m_Fill: 1
      m_Scale: {x: 1, y: 1}
      m_Offset: {x: 0, y: 0}
      m_Rotation: 0
      m_Anchor: 9
    m_Material: {fileID: 0}
    m_SubmeshIndex: 0
    m_ManualUV: 0
    elementGroup: -1
    m_TextureGroup: -1
  - m_Indexes: 740000007500000076000000750000007700000076000000
    m_SmoothingGroup: 0
    m_Uv:
      m_UseWorldSpace: 0
      m_FlipU: 0
      m_FlipV: 0
      m_SwapUV: 0
      m_Fill: 1
      m_Scale: {x: 1, y: 1}
      m_Offset: {x: 0, y: 0}
      m_Rotation: 0
      m_Anchor: 9
    m_Material: {fileID: 0}
    m_SubmeshIndex: 0
    m_ManualUV: 0
    elementGroup: -1
    m_TextureGroup: -1
  - m_Indexes: 78000000790000007a000000790000007b0000007a000000
    m_SmoothingGroup: 0
    m_Uv:
      m_UseWorldSpace: 0
      m_FlipU: 0
      m_FlipV: 0
      m_SwapUV: 0
      m_Fill: 1
      m_Scale: {x: 1, y: 1}
      m_Offset: {x: 0, y: 0}
      m_Rotation: 0
      m_Anchor: 9
    m_Material: {fileID: 0}
    m_SubmeshIndex: 0
    m_ManualUV: 0
    elementGroup: -1
    m_TextureGroup: -1
  - m_Indexes: 7c0000007d0000007e0000007d0000007f0000007e000000
    m_SmoothingGroup: 0
    m_Uv:
      m_UseWorldSpace: 0
      m_FlipU: 0
      m_FlipV: 0
      m_SwapUV: 0
      m_Fill: 1
      m_Scale: {x: 1, y: 1}
      m_Offset: {x: 0, y: 0}
      m_Rotation: 0
      m_Anchor: 9
    m_Material: {fileID: 0}
    m_SubmeshIndex: 0
    m_ManualUV: 0
    elementGroup: -1
    m_TextureGroup: -1
  - m_Indexes: 800000008100000082000000810000008300000082000000
    m_SmoothingGroup: 0
    m_Uv:
      m_UseWorldSpace: 0
      m_FlipU: 0
      m_FlipV: 0
      m_SwapUV: 0
      m_Fill: 1
      m_Scale: {x: 1, y: 1}
      m_Offset: {x: 0, y: 0}
      m_Rotation: 0
      m_Anchor: 9
    m_Material: {fileID: 0}
    m_SubmeshIndex: 0
    m_ManualUV: 0
    elementGroup: -1
    m_TextureGroup: -1
  - m_Indexes: 840000008500000086000000850000008700000086000000
    m_SmoothingGroup: 0
    m_Uv:
      m_UseWorldSpace: 0
      m_FlipU: 0
      m_FlipV: 0
      m_SwapUV: 0
      m_Fill: 1
      m_Scale: {x: 1, y: 1}
      m_Offset: {x: 0, y: 0}
      m_Rotation: 0
      m_Anchor: 9
    m_Material: {fileID: 0}
    m_SubmeshIndex: 0
    m_ManualUV: 0
    elementGroup: -1
    m_TextureGroup: -1
  - m_Indexes: 88000000890000008a000000890000008b0000008a000000
    m_SmoothingGroup: 0
    m_Uv:
      m_UseWorldSpace: 0
      m_FlipU: 0
      m_FlipV: 0
      m_SwapUV: 0
      m_Fill: 1
      m_Scale: {x: 1, y: 1}
      m_Offset: {x: 0, y: 0}
      m_Rotation: 0
      m_Anchor: 9
    m_Material: {fileID: 0}
    m_SubmeshIndex: 0
    m_ManualUV: 0
    elementGroup: -1
    m_TextureGroup: -1
  - m_Indexes: 8c0000008d0000008e0000008d0000008f0000008e000000
    m_SmoothingGroup: 0
    m_Uv:
      m_UseWorldSpace: 0
      m_FlipU: 0
      m_FlipV: 0
      m_SwapUV: 0
      m_Fill: 1
      m_Scale: {x: 1, y: 1}
      m_Offset: {x: 0, y: 0}
      m_Rotation: 0
      m_Anchor: 9
    m_Material: {fileID: 0}
    m_SubmeshIndex: 0
    m_ManualUV: 0
    elementGroup: -1
    m_TextureGroup: -1
  - m_Indexes: 900000009100000092000000910000009300000092000000
    m_SmoothingGroup: 0
    m_Uv:
      m_UseWorldSpace: 0
      m_FlipU: 0
      m_FlipV: 0
      m_SwapUV: 0
      m_Fill: 1
      m_Scale: {x: 1, y: 1}
      m_Offset: {x: 0, y: 0}
      m_Rotation: 0
      m_Anchor: 9
    m_Material: {fileID: 0}
    m_SubmeshIndex: 0
    m_ManualUV: 0
    elementGroup: -1
    m_TextureGroup: -1
  - m_Indexes: 940000009500000096000000950000009700000096000000
    m_SmoothingGroup: 0
    m_Uv:
      m_UseWorldSpace: 0
      m_FlipU: 0
      m_FlipV: 0
      m_SwapUV: 0
      m_Fill: 1
      m_Scale: {x: 1, y: 1}
      m_Offset: {x: 0, y: 0}
      m_Rotation: 0
      m_Anchor: 9
    m_Material: {fileID: 0}
    m_SubmeshIndex: 0
    m_ManualUV: 0
    elementGroup: -1
    m_TextureGroup: -1
  - m_Indexes: 98000000990000009a000000990000009b0000009a000000
    m_SmoothingGroup: 0
    m_Uv:
      m_UseWorldSpace: 0
      m_FlipU: 0
      m_FlipV: 0
      m_SwapUV: 0
      m_Fill: 1
      m_Scale: {x: 1, y: 1}
      m_Offset: {x: 0, y: 0}
      m_Rotation: 0
      m_Anchor: 9
    m_Material: {fileID: 0}
    m_SubmeshIndex: 0
    m_ManualUV: 0
    elementGroup: -1
    m_TextureGroup: -1
  - m_Indexes: 9c0000009d0000009e0000009d0000009f0000009e000000
    m_SmoothingGroup: 0
    m_Uv:
      m_UseWorldSpace: 0
      m_FlipU: 0
      m_FlipV: 0
      m_SwapUV: 0
      m_Fill: 1
      m_Scale: {x: 1, y: 1}
      m_Offset: {x: 0, y: 0}
      m_Rotation: 0
      m_Anchor: 9
    m_Material: {fileID: 0}
    m_SubmeshIndex: 0
    m_ManualUV: 0
    elementGroup: -1
    m_TextureGroup: -1
  - m_Indexes: a0000000a1000000a2000000a1000000a3000000a2000000
    m_SmoothingGroup: 0
    m_Uv:
      m_UseWorldSpace: 0
      m_FlipU: 0
      m_FlipV: 0
      m_SwapUV: 0
      m_Fill: 1
      m_Scale: {x: 1, y: 1}
      m_Offset: {x: 0, y: 0}
      m_Rotation: 0
      m_Anchor: 9
    m_Material: {fileID: 0}
    m_SubmeshIndex: 0
    m_ManualUV: 0
    elementGroup: -1
    m_TextureGroup: -1
  - m_Indexes: a4000000a5000000a6000000a5000000a7000000a6000000
    m_SmoothingGroup: 0
    m_Uv:
      m_UseWorldSpace: 0
      m_FlipU: 0
      m_FlipV: 0
      m_SwapUV: 0
      m_Fill: 1
      m_Scale: {x: 1, y: 1}
      m_Offset: {x: 0, y: 0}
      m_Rotation: 0
      m_Anchor: 9
    m_Material: {fileID: 0}
    m_SubmeshIndex: 0
    m_ManualUV: 0
    elementGroup: -1
    m_TextureGroup: -1
  m_SharedVertices:
  - m_Vertices: 000000009a0000009f000000
  - m_Vertices: 8a0000008f000000980000009d000000
  - m_Vertices: 7a0000007f000000880000008d000000
  - m_Vertices: 6a0000006f000000780000007d000000
  - m_Vertices: 5a0000005f000000680000006d000000
  - m_Vertices: 4a0000004f000000580000005d000000
  - m_Vertices: 3a0000003f000000480000004d000000
  - m_Vertices: 2a0000002f000000380000003d000000
  - m_Vertices: 1a0000001f000000280000002d000000
  - m_Vertices: 0d00000016000000180000001d000000
  - m_Vertices: 010000009b000000a2000000
  - m_Vertices: 8b0000009200000099000000a0000000
  - m_Vertices: 7b000000820000008900000090000000
  - m_Vertices: 6b000000720000007900000080000000
  - m_Vertices: 5b000000620000006900000070000000
  - m_Vertices: 4b000000520000005900000060000000
  - m_Vertices: 3b000000420000004900000050000000
  - m_Vertices: 2b000000320000003900000040000000
  - m_Vertices: 1b000000220000002900000030000000
  - m_Vertices: 04000000170000001900000020000000
  - m_Vertices: 020000009e000000a7000000
  - m_Vertices: 8e000000970000009c000000a5000000
  - m_Vertices: 7e000000870000008c00000095000000
  - m_Vertices: 6e000000770000007c00000085000000
  - m_Vertices: 5e000000670000006c00000075000000
  - m_Vertices: 4e000000570000005c00000065000000
  - m_Vertices: 3e000000470000004c00000055000000
  - m_Vertices: 2e000000370000003c00000045000000
  - m_Vertices: 1e000000270000002c00000035000000
  - m_Vertices: 0f000000100000001c00000025000000
  - m_Vertices: 03000000a3000000a6000000
  - m_Vertices: 9300000096000000a1000000a4000000
  - m_Vertices: 83000000860000009100000094000000
  - m_Vertices: 73000000760000008100000084000000
  - m_Vertices: 63000000660000007100000074000000
  - m_Vertices: 53000000560000006100000064000000
  - m_Vertices: 43000000460000005100000054000000
  - m_Vertices: 33000000360000004100000044000000
  - m_Vertices: 23000000260000003100000034000000
  - m_Vertices: 06000000110000002100000024000000
  - m_Vertices: 050000000800000015000000
  - m_Vertices: 070000000a00000013000000
  - m_Vertices: 090000000c00000014000000
  - m_Vertices: 0b0000000e00000012000000
  m_SharedTextures: []
  m_Positions:
  - {x: 0, y: 0, z: 4.5}
  - {x: 1, y: 0, z: 4.5}
  - {x: 0, y: 1, z: 4.5}
  - {x: 1, y: 1, z: 4.5}
  - {x: 1, y: 0, z: 0}
  - {x: 1, y: 0, z: -1}
  - {x: 1, y: 1, z: 0}
  - {x: 1, y: 1, z: -1}
  - {x: 1, y: 0, z: -1}
  - {x: 0, y: 0, z: -1}
  - {x: 1, y: 1, z: -1}
  - {x: 0, y: 1, z: -1}
  - {x: 0, y: 0, z: -1}
  - {x: 0, y: 0, z: 0}
  - {x: 0, y: 1, z: -1}
  - {x: 0, y: 1, z: 0}
  - {x: 0, y: 1, z: 0}
  - {x: 1, y: 1, z: 0}
  - {x: 0, y: 1, z: -1}
  - {x: 1, y: 1, z: -1}
  - {x: 0, y: 0, z: -1}
  - {x: 1, y: 0, z: -1}
  - {x: 0, y: 0, z: 0}
  - {x: 1, y: 0, z: 0}
  - {x: 0, y: 0, z: 0}
  - {x: 1, y: 0, z: 0}
  - {x: 0, y: 0, z: 0.5}
  - {x: 1, y: 0, z: 0.5}
  - {x: 0, y: 1, z: 0}
  - {x: 0, y: 0, z: 0}
  - {x: 0, y: 1, z: 0.5}
  - {x: 0, y: 0, z: 0.5}
  - {x: 1, y: 0, z: 0}
  - {x: 1, y: 1, z: 0}
  - {x: 1, y: 0, z: 0.5}
  - {x: 1, y: 1, z: 0.5}
  - {x: 1, y: 1, z: 0}
  - {x: 0, y: 1, z: 0}
  - {x: 1, y: 1, z: 0.5}
  - {x: 0, y: 1, z: 0.5}
  - {x: 0, y: 0, z: 0.5}
  - {x: 1, y: 0, z: 0.5}
  - {x: 0, y: 0, z: 1}
  - {x: 1, y: 0, z: 1}
  - {x: 0, y: 1, z: 0.5}
  - {x: 0, y: 0, z: 0.5}
  - {x: 0, y: 1, z: 1}
  - {x: 0, y: 0, z: 1}
  - {x: 1, y: 0, z: 0.5}
  - {x: 1, y: 1, z: 0.5}
  - {x: 1, y: 0, z: 1}
  - {x: 1, y: 1, z: 1}
  - {x: 1, y: 1, z: 0.5}
  - {x: 0, y: 1, z: 0.5}
  - {x: 1, y: 1, z: 1}
  - {x: 0, y: 1, z: 1}
  - {x: 0, y: 0, z: 1}
  - {x: 1, y: 0, z: 1}
  - {x: 0, y: 0, z: 1.5}
  - {x: 1, y: 0, z: 1.5}
  - {x: 0, y: 1, z: 1}
  - {x: 0, y: 0, z: 1}
  - {x: 0, y: 1, z: 1.5}
  - {x: 0, y: 0, z: 1.5}
  - {x: 1, y: 0, z: 1}
  - {x: 1, y: 1, z: 1}
  - {x: 1, y: 0, z: 1.5}
  - {x: 1, y: 1, z: 1.5}
  - {x: 1, y: 1, z: 1}
  - {x: 0, y: 1, z: 1}
  - {x: 1, y: 1, z: 1.5}
  - {x: 0, y: 1, z: 1.5}
  - {x: 0, y: 0, z: 1.5}
  - {x: 1, y: 0, z: 1.5}
  - {x: 0, y: 0, z: 2}
  - {x: 1, y: 0, z: 2}
  - {x: 0, y: 1, z: 1.5}
  - {x: 0, y: 0, z: 1.5}
  - {x: 0, y: 1, z: 2}
  - {x: 0, y: 0, z: 2}
  - {x: 1, y: 0, z: 1.5}
  - {x: 1, y: 1, z: 1.5}
  - {x: 1, y: 0, z: 2}
  - {x: 1, y: 1, z: 2}
  - {x: 1, y: 1, z: 1.5}
  - {x: 0, y: 1, z: 1.5}
  - {x: 1, y: 1, z: 2}
  - {x: 0, y: 1, z: 2}
  - {x: 0, y: 0, z: 2}
  - {x: 1, y: 0, z: 2}
  - {x: 0, y: 0, z: 2.5}
  - {x: 1, y: 0, z: 2.5}
  - {x: 0, y: 1, z: 2}
  - {x: 0, y: 0, z: 2}
  - {x: 0, y: 1, z: 2.5}
  - {x: 0, y: 0, z: 2.5}
  - {x: 1, y: 0, z: 2}
  - {x: 1, y: 1, z: 2}
  - {x: 1, y: 0, z: 2.5}
  - {x: 1, y: 1, z: 2.5}
  - {x: 1, y: 1, z: 2}
  - {x: 0, y: 1, z: 2}
  - {x: 1, y: 1, z: 2.5}
  - {x: 0, y: 1, z: 2.5}
  - {x: 0, y: 0, z: 2.5}
  - {x: 1, y: 0, z: 2.5}
  - {x: 0, y: 0, z: 3}
  - {x: 1, y: 0, z: 3}
  - {x: 0, y: 1, z: 2.5}
  - {x: 0, y: 0, z: 2.5}
  - {x: 0, y: 1, z: 3}
  - {x: 0, y: 0, z: 3}
  - {x: 1, y: 0, z: 2.5}
  - {x: 1, y: 1, z: 2.5}
  - {x: 1, y: 0, z: 3}
  - {x: 1, y: 1, z: 3}
  - {x: 1, y: 1, z: 2.5}
  - {x: 0, y: 1, z: 2.5}
  - {x: 1, y: 1, z: 3}
  - {x: 0, y: 1, z: 3}
  - {x: 0, y: 0, z: 3}
  - {x: 1, y: 0, z: 3}
  - {x: 0, y: 0, z: 3.5}
  - {x: 1, y: 0, z: 3.5}
  - {x: 0, y: 1, z: 3}
  - {x: 0, y: 0, z: 3}
  - {x: 0, y: 1, z: 3.5}
  - {x: 0, y: 0, z: 3.5}
  - {x: 1, y: 0, z: 3}
  - {x: 1, y: 1, z: 3}
  - {x: 1, y: 0, z: 3.5}
  - {x: 1, y: 1, z: 3.5}
  - {x: 1, y: 1, z: 3}
  - {x: 0, y: 1, z: 3}
  - {x: 1, y: 1, z: 3.5}
  - {x: 0, y: 1, z: 3.5}
  - {x: 0, y: 0, z: 3.5}
  - {x: 1, y: 0, z: 3.5}
  - {x: 0, y: 0, z: 4}
  - {x: 1, y: 0, z: 4}
  - {x: 0, y: 1, z: 3.5}
  - {x: 0, y: 0, z: 3.5}
  - {x: 0, y: 1, z: 4}
  - {x: 0, y: 0, z: 4}
  - {x: 1, y: 0, z: 3.5}
  - {x: 1, y: 1, z: 3.5}
  - {x: 1, y: 0, z: 4}
  - {x: 1, y: 1, z: 4}
  - {x: 1, y: 1, z: 3.5}
  - {x: 0, y: 1, z: 3.5}
  - {x: 1, y: 1, z: 4}
  - {x: 0, y: 1, z: 4}
  - {x: 0, y: 0, z: 4}
  - {x: 1, y: 0, z: 4}
  - {x: 0, y: 0, z: 4.5}
  - {x: 1, y: 0, z: 4.5}
  - {x: 0, y: 1, z: 4}
  - {x: 0, y: 0, z: 4}
  - {x: 0, y: 1, z: 4.5}
  - {x: 0, y: 0, z: 4.5}
  - {x: 1, y: 0, z: 4}
  - {x: 1, y: 1, z: 4}
  - {x: 1, y: 0, z: 4.5}
  - {x: 1, y: 1, z: 4.5}
  - {x: 1, y: 1, z: 4}
  - {x: 0, y: 1, z: 4}
  - {x: 1, y: 1, z: 4.5}
  - {x: 0, y: 1, z: 4.5}
  m_Textures0:
  - {x: 0, y: 0}
  - {x: -1, y: 0}
  - {x: 0, y: 1}
  - {x: -1, y: 1}
  - {x: 0, y: 0}
  - {x: -1, y: 0}
  - {x: 0, y: 1}
  - {x: -1, y: 1}
  - {x: 1, y: 0}
  - {x: 0, y: 0}
  - {x: 1, y: 1}
  - {x: 0, y: 1}
  - {x: 1, y: 0}
  - {x: 0, y: 0}
  - {x: 1, y: 1}
  - {x: 0, y: 1}
  - {x: 0, y: 0}
  - {x: 1, y: 0}
  - {x: 0, y: -1}
  - {x: 1, y: -1}
  - {x: 0, y: -1}
  - {x: -1, y: -1}
  - {x: 0, y: 0}
  - {x: -1, y: 0}
  - {x: 0, y: 0}
  - {x: -1, y: 0}
  - {x: 0, y: 0.5}
  - {x: -1, y: 0.5}
  - {x: 0, y: 1}
  - {x: 0, y: 0}
  - {x: -0.5, y: 1}
  - {x: -0.5, y: 0}
  - {x: 0, y: 0}
  - {x: 0, y: 1}
  - {x: 0.5, y: 0}
  - {x: 0.5, y: 1}
  - {x: 1, y: 0}
  - {x: 0, y: 0}
  - {x: 1, y: 0.5}
  - {x: 0, y: 0.5}
  - {x: 0, y: 0.5}
  - {x: -1, y: 0.5}
  - {x: 0, y: 1}
  - {x: -1, y: 1}
  - {x: -0.5, y: 1}
  - {x: -0.5, y: 0}
  - {x: -1, y: 1}
  - {x: -1, y: 0}
  - {x: 0.5, y: 0}
  - {x: 0.5, y: 1}
  - {x: 1, y: 0}
  - {x: 1, y: 1}
  - {x: 1, y: 0.5}
  - {x: 0, y: 0.5}
  - {x: 1, y: 1}
  - {x: 0, y: 1}
  - {x: 0, y: 1}
  - {x: -1, y: 1}
  - {x: 0, y: 1.5}
  - {x: -1, y: 1.5}
  - {x: -1, y: 1}
  - {x: -1, y: 0}
  - {x: -1.5, y: 1}
  - {x: -1.5, y: 0}
  - {x: 1, y: 0}
  - {x: 1, y: 1}
  - {x: 1.5, y: 0}
  - {x: 1.5, y: 1}
  - {x: 1, y: 1}
  - {x: 0, y: 1}
  - {x: 1, y: 1.5}
  - {x: 0, y: 1.5}
  - {x: 0, y: 1.5}
  - {x: -1, y: 1.5}
  - {x: 0, y: 2}
  - {x: -1, y: 2}
  - {x: -1.5, y: 1}
  - {x: -1.5, y: 0}
  - {x: -2, y: 1}
  - {x: -2, y: 0}
  - {x: 1.5, y: 0}
  - {x: 1.5, y: 1}
  - {x: 2, y: 0}
  - {x: 2, y: 1}
  - {x: 1, y: 1.5}
  - {x: 0, y: 1.5}
  - {x: 1, y: 2}
  - {x: 0, y: 2}
  - {x: 0, y: 2}
  - {x: -1, y: 2}
  - {x: 0, y: 2.5}
  - {x: -1, y: 2.5}
  - {x: -2, y: 1}
  - {x: -2, y: 0}
  - {x: -2.5, y: 1}
  - {x: -2.5, y: 0}
  - {x: 2, y: 0}
  - {x: 2, y: 1}
  - {x: 2.5, y: 0}
  - {x: 2.5, y: 1}
  - {x: 1, y: 2}
  - {x: 0, y: 2}
  - {x: 1, y: 2.5}
  - {x: 0, y: 2.5}
  - {x: 0, y: 2.5}
  - {x: -1, y: 2.5}
  - {x: 0, y: 3}
  - {x: -1, y: 3}
  - {x: -2.5, y: 1}
  - {x: -2.5, y: 0}
  - {x: -3, y: 1}
  - {x: -3, y: 0}
  - {x: 2.5, y: 0}
  - {x: 2.5, y: 1}
  - {x: 3, y: 0}
  - {x: 3, y: 1}
  - {x: 1, y: 2.5}
  - {x: 0, y: 2.5}
  - {x: 1, y: 3}
  - {x: 0, y: 3}
  - {x: 0, y: 3}
  - {x: -1, y: 3}
  - {x: 0, y: 3.5}
  - {x: -1, y: 3.5}
  - {x: -3, y: 1}
  - {x: -3, y: 0}
  - {x: -3.5, y: 1}
  - {x: -3.5, y: 0}
  - {x: 3, y: 0}
  - {x: 3, y: 1}
  - {x: 3.5, y: 0}
  - {x: 3.5, y: 1}
  - {x: 1, y: 3}
  - {x: 0, y: 3}
  - {x: 1, y: 3.5}
  - {x: 0, y: 3.5}
  - {x: 0, y: 3.5}
  - {x: -1, y: 3.5}
  - {x: 0, y: 4}
  - {x: -1, y: 4}
  - {x: -3.5, y: 1}
  - {x: -3.5, y: 0}
  - {x: -4, y: 1}
  - {x: -4, y: 0}
  - {x: 3.5, y: 0}
  - {x: 3.5, y: 1}
  - {x: 4, y: 0}
  - {x: 4, y: 1}
  - {x: 1, y: 3.5}
  - {x: 0, y: 3.5}
  - {x: 1, y: 4}
  - {x: 0, y: 4}
  - {x: 0, y: 4}
  - {x: -1, y: 4}
  - {x: 0, y: 4.5}
  - {x: -1, y: 4.5}
  - {x: -4, y: 1}
  - {x: -4, y: 0}
  - {x: -4.5, y: 1}
  - {x: -4.5, y: 0}
  - {x: 4, y: 0}
  - {x: 4, y: 1}
  - {x: 4.5, y: 0}
  - {x: 4.5, y: 1}
  - {x: 1, y: 4}
  - {x: 0, y: 4}
  - {x: 1, y: 4.5}
  - {x: 0, y: 4.5}
  m_Textures2: []
  m_Textures3: []
  m_Tangents:
  - {x: -1, y: 0, z: 0, w: -1}
  - {x: -1, y: 0, z: 0, w: -1}
  - {x: -1, y: 0, z: 0, w: -1}
  - {x: -1, y: 0, z: 0, w: -1}
  - {x: 0, y: 0, z: 1, w: -1}
  - {x: 0, y: 0, z: 1, w: -1}
  - {x: 0, y: 0, z: 1, w: -1}
  - {x: 0, y: 0, z: 1, w: -1}
  - {x: 1, y: 0, z: 0, w: -1}
  - {x: 1, y: 0, z: 0, w: -1}
  - {x: 1, y: 0, z: 0, w: -1}
  - {x: 1, y: 0, z: 0, w: -1}
  - {x: 0, y: 0, z: -1, w: -1}
  - {x: 0, y: 0, z: -1, w: -1}
  - {x: 0, y: 0, z: -1, w: -1}
  - {x: 0, y: 0, z: -1, w: -1}
  - {x: 1, y: 0, z: 0, w: -1}
  - {x: 1, y: 0, z: 0, w: -1}
  - {x: 1, y: 0, z: 0, w: -1}
  - {x: 1, y: 0, z: 0, w: -1}
  - {x: -1, y: 0, z: 0, w: -1}
  - {x: -1, y: 0, z: 0, w: -1}
  - {x: -1, y: 0, z: 0, w: -1}
  - {x: -1, y: 0, z: 0, w: -1}
  - {x: -1, y: 0, z: 0, w: -1}
  - {x: -1, y: 0, z: 0, w: -1}
  - {x: -1, y: 0, z: 0, w: -1}
  - {x: -1, y: 0, z: 0, w: -1}
  - {x: 0, y: 0, z: -1, w: -1}
  - {x: 0, y: 0, z: -1, w: -1}
  - {x: 0, y: 0, z: -1, w: -1}
  - {x: 0, y: 0, z: -1, w: -1}
  - {x: 0, y: 0, z: 1, w: -1}
  - {x: 0, y: 0, z: 1, w: -1}
  - {x: 0, y: 0, z: 1, w: -1}
  - {x: 0, y: 0, z: 1, w: -1}
  - {x: 1, y: 0, z: 0, w: -1}
  - {x: 1, y: 0, z: 0, w: -1}
  - {x: 1, y: 0, z: 0, w: -1}
  - {x: 1, y: 0, z: 0, w: -1}
  - {x: -1, y: 0, z: 0, w: -1}
  - {x: -1, y: 0, z: 0, w: -1}
  - {x: -1, y: 0, z: 0, w: -1}
  - {x: -1, y: 0, z: 0, w: -1}
  - {x: 0, y: 0, z: -1, w: -1}
  - {x: 0, y: 0, z: -1, w: -1}
  - {x: 0, y: 0, z: -1, w: -1}
  - {x: 0, y: 0, z: -1, w: -1}
  - {x: 0, y: 0, z: 1, w: -1}
  - {x: 0, y: 0, z: 1, w: -1}
  - {x: 0, y: 0, z: 1, w: -1}
  - {x: 0, y: 0, z: 1, w: -1}
  - {x: 1, y: 0, z: 0, w: -1}
  - {x: 1, y: 0, z: 0, w: -1}
  - {x: 1, y: 0, z: 0, w: -1}
  - {x: 1, y: 0, z: 0, w: -1}
  - {x: -1, y: 0, z: 0, w: -1}
  - {x: -1, y: 0, z: 0, w: -1}
  - {x: -1, y: 0, z: 0, w: -1}
  - {x: -1, y: 0, z: 0, w: -1}
  - {x: 0, y: 0, z: -1, w: -1}
  - {x: 0, y: 0, z: -1, w: -1}
  - {x: 0, y: 0, z: -1, w: -1}
  - {x: 0, y: 0, z: -1, w: -1}
  - {x: 0, y: 0, z: 1, w: -1}
  - {x: 0, y: 0, z: 1, w: -1}
  - {x: 0, y: 0, z: 1, w: -1}
  - {x: 0, y: 0, z: 1, w: -1}
  - {x: 1, y: 0, z: 0, w: -1}
  - {x: 1, y: 0, z: 0, w: -1}
  - {x: 1, y: 0, z: 0, w: -1}
  - {x: 1, y: 0, z: 0, w: -1}
  - {x: -1, y: 0, z: 0, w: -1}
  - {x: -1, y: 0, z: 0, w: -1}
  - {x: -1, y: 0, z: 0, w: -1}
  - {x: -1, y: 0, z: 0, w: -1}
  - {x: 0, y: 0, z: -1, w: -1}
  - {x: 0, y: 0, z: -1, w: -1}
  - {x: 0, y: 0, z: -1, w: -1}
  - {x: 0, y: 0, z: -1, w: -1}
  - {x: 0, y: 0, z: 1, w: -1}
  - {x: 0, y: 0, z: 1, w: -1}
  - {x: 0, y: 0, z: 1, w: -1}
  - {x: 0, y: 0, z: 1, w: -1}
  - {x: 1, y: 0, z: 0, w: -1}
  - {x: 1, y: 0, z: 0, w: -1}
  - {x: 1, y: 0, z: 0, w: -1}
  - {x: 1, y: 0, z: 0, w: -1}
  - {x: -1, y: 0, z: 0, w: -1}
  - {x: -1, y: 0, z: 0, w: -1}
  - {x: -1, y: 0, z: 0, w: -1}
  - {x: -1, y: 0, z: 0, w: -1}
  - {x: 0, y: 0, z: -1, w: -1}
  - {x: 0, y: 0, z: -1, w: -1}
  - {x: 0, y: 0, z: -1, w: -1}
  - {x: 0, y: 0, z: -1, w: -1}
  - {x: 0, y: 0, z: 1, w: -1}
  - {x: 0, y: 0, z: 1, w: -1}
  - {x: 0, y: 0, z: 1, w: -1}
  - {x: 0, y: 0, z: 1, w: -1}
  - {x: 1, y: 0, z: 0, w: -1}
  - {x: 1, y: 0, z: 0, w: -1}
  - {x: 1, y: 0, z: 0, w: -1}
  - {x: 1, y: 0, z: 0, w: -1}
  - {x: -1, y: 0, z: 0, w: -1}
  - {x: -1, y: 0, z: 0, w: -1}
  - {x: -1, y: 0, z: 0, w: -1}
  - {x: -1, y: 0, z: 0, w: -1}
  - {x: 0, y: 0, z: -1, w: -1}
  - {x: 0, y: 0, z: -1, w: -1}
  - {x: 0, y: 0, z: -1, w: -1}
  - {x: 0, y: 0, z: -1, w: -1}
  - {x: 0, y: 0, z: 1, w: -1}
  - {x: 0, y: 0, z: 1, w: -1}
  - {x: 0, y: 0, z: 1, w: -1}
  - {x: 0, y: 0, z: 1, w: -1}
  - {x: 1, y: 0, z: 0, w: -1}
  - {x: 1, y: 0, z: 0, w: -1}
  - {x: 1, y: 0, z: 0, w: -1}
  - {x: 1, y: 0, z: 0, w: -1}
  - {x: -1, y: 0, z: 0, w: -1}
  - {x: -1, y: 0, z: 0, w: -1}
  - {x: -1, y: 0, z: 0, w: -1}
  - {x: -1, y: 0, z: 0, w: -1}
  - {x: 0, y: 0, z: -1, w: -1}
  - {x: 0, y: 0, z: -1, w: -1}
  - {x: 0, y: 0, z: -1, w: -1}
  - {x: 0, y: 0, z: -1, w: -1}
  - {x: 0, y: 0, z: 1, w: -1}
  - {x: 0, y: 0, z: 1, w: -1}
  - {x: 0, y: 0, z: 1, w: -1}
  - {x: 0, y: 0, z: 1, w: -1}
  - {x: 1, y: 0, z: 0, w: -1}
  - {x: 1, y: 0, z: 0, w: -1}
  - {x: 1, y: 0, z: 0, w: -1}
  - {x: 1, y: 0, z: 0, w: -1}
  - {x: -1, y: 0, z: 0, w: -1}
  - {x: -1, y: 0, z: 0, w: -1}
  - {x: -1, y: 0, z: 0, w: -1}
  - {x: -1, y: 0, z: 0, w: -1}
  - {x: 0, y: 0, z: -1, w: -1}
  - {x: 0, y: 0, z: -1, w: -1}
  - {x: 0, y: 0, z: -1, w: -1}
  - {x: 0, y: 0, z: -1, w: -1}
  - {x: 0, y: 0, z: 1, w: -1}
  - {x: 0, y: 0, z: 1, w: -1}
  - {x: 0, y: 0, z: 1, w: -1}
  - {x: 0, y: 0, z: 1, w: -1}
  - {x: 1, y: 0, z: 0, w: -1}
  - {x: 1, y: 0, z: 0, w: -1}
  - {x: 1, y: 0, z: 0, w: -1}
  - {x: 1, y: 0, z: 0, w: -1}
  - {x: -1, y: 0, z: 0, w: -1}
  - {x: -1, y: 0, z: 0, w: -1}
  - {x: -1, y: 0, z: 0, w: -1}
  - {x: -1, y: 0, z: 0, w: -1}
  - {x: 0, y: 0, z: -1, w: -1}
  - {x: 0, y: 0, z: -1, w: -1}
  - {x: 0, y: 0, z: -1, w: -1}
  - {x: 0, y: 0, z: -1, w: -1}
  - {x: 0, y: 0, z: 1, w: -1}
  - {x: 0, y: 0, z: 1, w: -1}
  - {x: 0, y: 0, z: 1, w: -1}
  - {x: 0, y: 0, z: 1, w: -1}
  - {x: 1, y: 0, z: 0, w: -1}
  - {x: 1, y: 0, z: 0, w: -1}
  - {x: 1, y: 0, z: 0, w: -1}
  - {x: 1, y: 0, z: 0, w: -1}
  m_Colors: []
  m_UnwrapParameters:
    m_HardAngle: 88
    m_PackMargin: 20
    m_AngleError: 8
    m_AreaError: 15
  m_PreserveMeshAssetOnDestroy: 0
  assetGuid: 
  m_IsSelectable: 1
  m_SelectedFaces: 
  m_SelectedEdges: []
  m_SelectedVertices: 
--- !u!23 &207747090
MeshRenderer:
  m_ObjectHideFlags: 0
  m_CorrespondingSourceObject: {fileID: 0}
  m_PrefabInstance: {fileID: 0}
  m_PrefabAsset: {fileID: 0}
  m_GameObject: {fileID: 207747087}
  m_Enabled: 1
  m_CastShadows: 1
  m_ReceiveShadows: 1
  m_DynamicOccludee: 1
  m_MotionVectors: 1
  m_LightProbeUsage: 1
  m_ReflectionProbeUsage: 1
  m_RayTracingMode: 2
  m_RayTraceProcedural: 0
  m_RenderingLayerMask: 1
  m_RendererPriority: 0
  m_Materials:
  - {fileID: 2100000, guid: c22777d6e868e4f2fb421913386b154e, type: 2}
  m_StaticBatchInfo:
    firstSubMesh: 0
    subMeshCount: 0
  m_StaticBatchRoot: {fileID: 0}
  m_ProbeAnchor: {fileID: 0}
  m_LightProbeVolumeOverride: {fileID: 0}
  m_ScaleInLightmap: 1
  m_ReceiveGI: 1
  m_PreserveUVs: 0
  m_IgnoreNormalsForChartDetection: 0
  m_ImportantGI: 0
  m_StitchLightmapSeams: 1
  m_SelectedEditorRenderState: 2
  m_MinimumChartSize: 4
  m_AutoUVMaxDistance: 0.5
  m_AutoUVMaxAngle: 89
  m_LightmapParameters: {fileID: 0}
  m_SortingLayerID: 0
  m_SortingLayer: 0
  m_SortingOrder: 0
  m_AdditionalVertexStreams: {fileID: 0}
--- !u!33 &207747091
MeshFilter:
  m_ObjectHideFlags: 0
  m_CorrespondingSourceObject: {fileID: 0}
  m_PrefabInstance: {fileID: 0}
  m_PrefabAsset: {fileID: 0}
  m_GameObject: {fileID: 207747087}
  m_Mesh: {fileID: 1625213957}
--- !u!4 &207747092
Transform:
  m_ObjectHideFlags: 0
  m_CorrespondingSourceObject: {fileID: 0}
  m_PrefabInstance: {fileID: 0}
  m_PrefabAsset: {fileID: 0}
  m_GameObject: {fileID: 207747087}
  m_LocalRotation: {x: 0, y: 0, z: 0, w: 1}
  m_LocalPosition: {x: 3, y: 3.86, z: -1}
  m_LocalScale: {x: 1, y: -3.8600368, z: 1.0000005}
  m_Children: []
  m_Father: {fileID: 0}
  m_RootOrder: 4
  m_LocalEulerAnglesHint: {x: 0, y: 0, z: 0}
--- !u!1 &594046215
GameObject:
  m_ObjectHideFlags: 0
  m_CorrespondingSourceObject: {fileID: 0}
  m_PrefabInstance: {fileID: 0}
  m_PrefabAsset: {fileID: 0}
  serializedVersion: 6
  m_Component:
  - component: {fileID: 594046217}
  - component: {fileID: 594046216}
  m_Layer: 0
  m_Name: Directional Light
  m_TagString: Untagged
  m_Icon: {fileID: 0}
  m_NavMeshLayer: 0
  m_StaticEditorFlags: 0
  m_IsActive: 1
--- !u!108 &594046216
Light:
  m_ObjectHideFlags: 0
  m_CorrespondingSourceObject: {fileID: 0}
  m_PrefabInstance: {fileID: 0}
  m_PrefabAsset: {fileID: 0}
  m_GameObject: {fileID: 594046215}
  m_Enabled: 1
  serializedVersion: 10
  m_Type: 1
  m_Shape: 0
  m_Color: {r: 1, g: 0.95686275, b: 0.8392157, a: 1}
  m_Intensity: 1
  m_Range: 10
  m_SpotAngle: 30
  m_InnerSpotAngle: 21.80208
  m_CookieSize: 10
  m_Shadows:
    m_Type: 2
    m_Resolution: -1
    m_CustomResolution: -1
    m_Strength: 1
    m_Bias: 0.05
    m_NormalBias: 0.4
    m_NearPlane: 0.2
    m_CullingMatrixOverride:
      e00: 1
      e01: 0
      e02: 0
      e03: 0
      e10: 0
      e11: 1
      e12: 0
      e13: 0
      e20: 0
      e21: 0
      e22: 1
      e23: 0
      e30: 0
      e31: 0
      e32: 0
      e33: 1
    m_UseCullingMatrixOverride: 0
  m_Cookie: {fileID: 0}
  m_DrawHalo: 0
  m_Flare: {fileID: 0}
  m_RenderMode: 0
  m_CullingMask:
    serializedVersion: 2
    m_Bits: 4294967295
  m_RenderingLayerMask: 1
  m_Lightmapping: 4
  m_LightShadowCasterMode: 0
  m_AreaSize: {x: 1, y: 1}
  m_BounceIntensity: 1
  m_ColorTemperature: 6570
  m_UseColorTemperature: 0
  m_BoundingSphereOverride: {x: 0, y: 0, z: 0, w: 0}
  m_UseBoundingSphereOverride: 0
  m_ShadowRadius: 0
  m_ShadowAngle: 0
--- !u!4 &594046217
Transform:
  m_ObjectHideFlags: 0
  m_CorrespondingSourceObject: {fileID: 0}
  m_PrefabInstance: {fileID: 0}
  m_PrefabAsset: {fileID: 0}
  m_GameObject: {fileID: 594046215}
  m_LocalRotation: {x: 0.40821788, y: -0.23456968, z: 0.10938163, w: 0.8754261}
  m_LocalPosition: {x: 0, y: 3, z: 0}
  m_LocalScale: {x: 1, y: 1, z: 1}
  m_Children: []
  m_Father: {fileID: 0}
  m_RootOrder: 0
  m_LocalEulerAnglesHint: {x: 50, y: -30, z: 0}
--- !u!1001 &811775519
PrefabInstance:
  m_ObjectHideFlags: 0
  serializedVersion: 2
  m_Modification:
    m_TransformParent: {fileID: 0}
    m_Modifications:
    - target: {fileID: 4425428723088313499, guid: fc9b148a2950aaf4cba8422632222c5d, type: 3}
      propertyPath: m_Name
      value: ThirdPersonController_LITE
      objectReference: {fileID: 0}
    - target: {fileID: 4425428723088313501, guid: fc9b148a2950aaf4cba8422632222c5d, type: 3}
      propertyPath: m_LocalPosition.x
      value: 0
      objectReference: {fileID: 0}
    - target: {fileID: 4425428723088313501, guid: fc9b148a2950aaf4cba8422632222c5d, type: 3}
      propertyPath: m_LocalPosition.y
      value: 0
      objectReference: {fileID: 0}
    - target: {fileID: 4425428723088313501, guid: fc9b148a2950aaf4cba8422632222c5d, type: 3}
      propertyPath: m_LocalPosition.z
      value: 0
      objectReference: {fileID: 0}
    - target: {fileID: 4425428723088313501, guid: fc9b148a2950aaf4cba8422632222c5d, type: 3}
      propertyPath: m_LocalRotation.x
      value: -0
      objectReference: {fileID: 0}
    - target: {fileID: 4425428723088313501, guid: fc9b148a2950aaf4cba8422632222c5d, type: 3}
      propertyPath: m_LocalRotation.y
      value: -1
      objectReference: {fileID: 0}
    - target: {fileID: 4425428723088313501, guid: fc9b148a2950aaf4cba8422632222c5d, type: 3}
      propertyPath: m_LocalRotation.z
      value: 0
      objectReference: {fileID: 0}
    - target: {fileID: 4425428723088313501, guid: fc9b148a2950aaf4cba8422632222c5d, type: 3}
      propertyPath: m_LocalRotation.w
      value: -0.0000001872535
      objectReference: {fileID: 0}
    - target: {fileID: 4425428723088313501, guid: fc9b148a2950aaf4cba8422632222c5d, type: 3}
      propertyPath: m_RootOrder
      value: 1
      objectReference: {fileID: 0}
    - target: {fileID: 4425428723088313501, guid: fc9b148a2950aaf4cba8422632222c5d, type: 3}
      propertyPath: m_LocalEulerAnglesHint.x
      value: 0
      objectReference: {fileID: 0}
    - target: {fileID: 4425428723088313501, guid: fc9b148a2950aaf4cba8422632222c5d, type: 3}
      propertyPath: m_LocalEulerAnglesHint.y
      value: -180.00002
      objectReference: {fileID: 0}
    - target: {fileID: 4425428723088313501, guid: fc9b148a2950aaf4cba8422632222c5d, type: 3}
      propertyPath: m_LocalEulerAnglesHint.z
      value: 0
      objectReference: {fileID: 0}
    m_RemovedComponents: []
  m_SourcePrefab: {fileID: 100100000, guid: fc9b148a2950aaf4cba8422632222c5d, type: 3}
--- !u!1 &966711348
GameObject:
  m_ObjectHideFlags: 0
  m_CorrespondingSourceObject: {fileID: 0}
  m_PrefabInstance: {fileID: 0}
  m_PrefabAsset: {fileID: 0}
  serializedVersion: 6
  m_Component:
  - component: {fileID: 966711353}
  - component: {fileID: 966711352}
  - component: {fileID: 966711351}
  - component: {fileID: 966711350}
  - component: {fileID: 966711349}
  m_Layer: 0
  m_Name: Plane
  m_TagString: Untagged
  m_Icon: {fileID: 0}
  m_NavMeshLayer: 0
  m_StaticEditorFlags: 0
  m_IsActive: 1
--- !u!64 &966711349
MeshCollider:
  m_ObjectHideFlags: 0
  m_CorrespondingSourceObject: {fileID: 0}
  m_PrefabInstance: {fileID: 0}
  m_PrefabAsset: {fileID: 0}
  m_GameObject: {fileID: 966711348}
  m_Material: {fileID: 0}
  m_IsTrigger: 0
  m_Enabled: 1
  serializedVersion: 4
  m_Convex: 0
  m_CookingOptions: 30
  m_Mesh: {fileID: 1676793072}
--- !u!114 &966711350
MonoBehaviour:
  m_ObjectHideFlags: 0
  m_CorrespondingSourceObject: {fileID: 0}
  m_PrefabInstance: {fileID: 0}
  m_PrefabAsset: {fileID: 0}
  m_GameObject: {fileID: 966711348}
  m_Enabled: 1
  m_EditorHideFlags: 0
  m_Script: {fileID: 11500000, guid: 8233d90336aea43098adf6dbabd606a2, type: 3}
  m_Name: 
  m_EditorClassIdentifier: 
  m_MeshFormatVersion: 1
  m_Faces:
  - m_Indexes: 000000000100000002000000010000000300000002000000
    m_SmoothingGroup: 0
    m_Uv:
      m_UseWorldSpace: 0
      m_FlipU: 0
      m_FlipV: 0
      m_SwapUV: 0
      m_Fill: 1
      m_Scale: {x: 1, y: 1}
      m_Offset: {x: 0, y: 0}
      m_Rotation: 0
      m_Anchor: 9
    m_Material: {fileID: 2100000, guid: c22777d6e868e4f2fb421913386b154e, type: 2}
    m_SubmeshIndex: 0
    m_ManualUV: 0
    elementGroup: 0
    m_TextureGroup: -1
  - m_Indexes: 040000000500000006000000050000000700000006000000
    m_SmoothingGroup: 0
    m_Uv:
      m_UseWorldSpace: 0
      m_FlipU: 0
      m_FlipV: 0
      m_SwapUV: 0
      m_Fill: 1
      m_Scale: {x: 1, y: 1}
      m_Offset: {x: 0, y: 0}
      m_Rotation: 0
      m_Anchor: 9
    m_Material: {fileID: 2100000, guid: c22777d6e868e4f2fb421913386b154e, type: 2}
    m_SubmeshIndex: 0
    m_ManualUV: 0
    elementGroup: 0
    m_TextureGroup: -1
  - m_Indexes: 08000000090000000a000000090000000b0000000a000000
    m_SmoothingGroup: 0
    m_Uv:
      m_UseWorldSpace: 0
      m_FlipU: 0
      m_FlipV: 0
      m_SwapUV: 0
      m_Fill: 1
      m_Scale: {x: 1, y: 1}
      m_Offset: {x: 0, y: 0}
      m_Rotation: 0
      m_Anchor: 9
    m_Material: {fileID: 2100000, guid: c22777d6e868e4f2fb421913386b154e, type: 2}
    m_SubmeshIndex: 0
    m_ManualUV: 0
    elementGroup: 0
    m_TextureGroup: -1
  - m_Indexes: 0c0000000d0000000e0000000d0000000f0000000e000000
    m_SmoothingGroup: 0
    m_Uv:
      m_UseWorldSpace: 0
      m_FlipU: 0
      m_FlipV: 0
      m_SwapUV: 0
      m_Fill: 1
      m_Scale: {x: 1, y: 1}
      m_Offset: {x: 0, y: 0}
      m_Rotation: 0
      m_Anchor: 9
    m_Material: {fileID: 2100000, guid: c22777d6e868e4f2fb421913386b154e, type: 2}
    m_SubmeshIndex: 0
    m_ManualUV: 0
    elementGroup: 0
    m_TextureGroup: -1
  - m_Indexes: 100000001100000012000000110000001300000012000000
    m_SmoothingGroup: 0
    m_Uv:
      m_UseWorldSpace: 0
      m_FlipU: 0
      m_FlipV: 0
      m_SwapUV: 0
      m_Fill: 1
      m_Scale: {x: 1, y: 1}
      m_Offset: {x: 0, y: 0}
      m_Rotation: 0
      m_Anchor: 9
    m_Material: {fileID: 2100000, guid: c22777d6e868e4f2fb421913386b154e, type: 2}
    m_SubmeshIndex: 0
    m_ManualUV: 0
    elementGroup: 0
    m_TextureGroup: -1
  - m_Indexes: 140000001500000016000000150000001700000016000000
    m_SmoothingGroup: 0
    m_Uv:
      m_UseWorldSpace: 0
      m_FlipU: 0
      m_FlipV: 0
      m_SwapUV: 0
      m_Fill: 1
      m_Scale: {x: 1, y: 1}
      m_Offset: {x: 0, y: 0}
      m_Rotation: 0
      m_Anchor: 9
    m_Material: {fileID: 2100000, guid: c22777d6e868e4f2fb421913386b154e, type: 2}
    m_SubmeshIndex: 0
    m_ManualUV: 0
    elementGroup: 0
    m_TextureGroup: -1
  - m_Indexes: 18000000190000001a000000190000001b0000001a000000
    m_SmoothingGroup: 0
    m_Uv:
      m_UseWorldSpace: 0
      m_FlipU: 0
      m_FlipV: 0
      m_SwapUV: 0
      m_Fill: 1
      m_Scale: {x: 1, y: 1}
      m_Offset: {x: 0, y: 0}
      m_Rotation: 0
      m_Anchor: 9
    m_Material: {fileID: 2100000, guid: c22777d6e868e4f2fb421913386b154e, type: 2}
    m_SubmeshIndex: 0
    m_ManualUV: 0
    elementGroup: 0
    m_TextureGroup: -1
  - m_Indexes: 1c0000001d0000001e0000001d0000001f0000001e000000
    m_SmoothingGroup: 0
    m_Uv:
      m_UseWorldSpace: 0
      m_FlipU: 0
      m_FlipV: 0
      m_SwapUV: 0
      m_Fill: 1
      m_Scale: {x: 1, y: 1}
      m_Offset: {x: 0, y: 0}
      m_Rotation: 0
      m_Anchor: 9
    m_Material: {fileID: 2100000, guid: c22777d6e868e4f2fb421913386b154e, type: 2}
    m_SubmeshIndex: 0
    m_ManualUV: 0
    elementGroup: 0
    m_TextureGroup: -1
  - m_Indexes: 200000002100000022000000210000002300000022000000
    m_SmoothingGroup: 0
    m_Uv:
      m_UseWorldSpace: 0
      m_FlipU: 0
      m_FlipV: 0
      m_SwapUV: 0
      m_Fill: 1
      m_Scale: {x: 1, y: 1}
      m_Offset: {x: 0, y: 0}
      m_Rotation: 0
      m_Anchor: 9
    m_Material: {fileID: 2100000, guid: c22777d6e868e4f2fb421913386b154e, type: 2}
    m_SubmeshIndex: 0
    m_ManualUV: 0
    elementGroup: 0
    m_TextureGroup: -1
  - m_Indexes: 240000002500000026000000250000002700000026000000
    m_SmoothingGroup: 0
    m_Uv:
      m_UseWorldSpace: 0
      m_FlipU: 0
      m_FlipV: 0
      m_SwapUV: 0
      m_Fill: 1
      m_Scale: {x: 1, y: 1}
      m_Offset: {x: 0, y: 0}
      m_Rotation: 0
      m_Anchor: 9
    m_Material: {fileID: 2100000, guid: c22777d6e868e4f2fb421913386b154e, type: 2}
    m_SubmeshIndex: 0
    m_ManualUV: 0
    elementGroup: 0
    m_TextureGroup: -1
  - m_Indexes: 28000000290000002a000000290000002b0000002a000000
    m_SmoothingGroup: 0
    m_Uv:
      m_UseWorldSpace: 0
      m_FlipU: 0
      m_FlipV: 0
      m_SwapUV: 0
      m_Fill: 1
      m_Scale: {x: 1, y: 1}
      m_Offset: {x: 0, y: 0}
      m_Rotation: 0
      m_Anchor: 9
    m_Material: {fileID: 2100000, guid: c22777d6e868e4f2fb421913386b154e, type: 2}
    m_SubmeshIndex: 0
    m_ManualUV: 0
    elementGroup: 0
    m_TextureGroup: -1
  - m_Indexes: 2c0000002d0000002e0000002d0000002f0000002e000000
    m_SmoothingGroup: 0
    m_Uv:
      m_UseWorldSpace: 0
      m_FlipU: 0
      m_FlipV: 0
      m_SwapUV: 0
      m_Fill: 1
      m_Scale: {x: 1, y: 1}
      m_Offset: {x: 0, y: 0}
      m_Rotation: 0
      m_Anchor: 9
    m_Material: {fileID: 2100000, guid: c22777d6e868e4f2fb421913386b154e, type: 2}
    m_SubmeshIndex: 0
    m_ManualUV: 0
    elementGroup: 0
    m_TextureGroup: -1
  - m_Indexes: 300000003100000032000000310000003300000032000000
    m_SmoothingGroup: 0
    m_Uv:
      m_UseWorldSpace: 0
      m_FlipU: 0
      m_FlipV: 0
      m_SwapUV: 0
      m_Fill: 1
      m_Scale: {x: 1, y: 1}
      m_Offset: {x: 0, y: 0}
      m_Rotation: 0
      m_Anchor: 9
    m_Material: {fileID: 2100000, guid: c22777d6e868e4f2fb421913386b154e, type: 2}
    m_SubmeshIndex: 0
    m_ManualUV: 0
    elementGroup: 0
    m_TextureGroup: -1
  - m_Indexes: 340000003500000036000000350000003700000036000000
    m_SmoothingGroup: 0
    m_Uv:
      m_UseWorldSpace: 0
      m_FlipU: 0
      m_FlipV: 0
      m_SwapUV: 0
      m_Fill: 1
      m_Scale: {x: 1, y: 1}
      m_Offset: {x: 0, y: 0}
      m_Rotation: 0
      m_Anchor: 9
    m_Material: {fileID: 2100000, guid: c22777d6e868e4f2fb421913386b154e, type: 2}
    m_SubmeshIndex: 0
    m_ManualUV: 0
    elementGroup: 0
    m_TextureGroup: -1
  - m_Indexes: 38000000390000003a000000390000003b0000003a000000
    m_SmoothingGroup: 0
    m_Uv:
      m_UseWorldSpace: 0
      m_FlipU: 0
      m_FlipV: 0
      m_SwapUV: 0
      m_Fill: 1
      m_Scale: {x: 1, y: 1}
      m_Offset: {x: 0, y: 0}
      m_Rotation: 0
      m_Anchor: 9
    m_Material: {fileID: 2100000, guid: c22777d6e868e4f2fb421913386b154e, type: 2}
    m_SubmeshIndex: 0
    m_ManualUV: 0
    elementGroup: 0
    m_TextureGroup: -1
  - m_Indexes: 3c0000003d0000003e0000003d0000003f0000003e000000
    m_SmoothingGroup: 0
    m_Uv:
      m_UseWorldSpace: 0
      m_FlipU: 0
      m_FlipV: 0
      m_SwapUV: 0
      m_Fill: 1
      m_Scale: {x: 1, y: 1}
      m_Offset: {x: 0, y: 0}
      m_Rotation: 0
      m_Anchor: 9
    m_Material: {fileID: 2100000, guid: c22777d6e868e4f2fb421913386b154e, type: 2}
    m_SubmeshIndex: 0
    m_ManualUV: 0
    elementGroup: 0
    m_TextureGroup: -1
  m_SharedVertices:
  - m_Vertices: 00000000
  - m_Vertices: 0100000004000000
  - m_Vertices: 0200000010000000
  - m_Vertices: 03000000060000001100000014000000
  - m_Vertices: 0500000008000000
  - m_Vertices: 070000000a0000001500000018000000
  - m_Vertices: 090000000c000000
  - m_Vertices: 0b0000000e000000190000001c000000
  - m_Vertices: 0d000000
  - m_Vertices: 0f0000001d000000
  - m_Vertices: 1200000020000000
  - m_Vertices: 13000000160000002100000024000000
  - m_Vertices: 170000001a0000002500000028000000
  - m_Vertices: 1b0000001e000000290000002c000000
  - m_Vertices: 1f0000002d000000
  - m_Vertices: 2200000030000000
  - m_Vertices: 23000000260000003100000034000000
  - m_Vertices: 270000002a0000003500000038000000
  - m_Vertices: 2b0000002e000000390000003c000000
  - m_Vertices: 2f0000003d000000
  - m_Vertices: 32000000
  - m_Vertices: 3300000036000000
  - m_Vertices: 370000003a000000
  - m_Vertices: 3b0000003e000000
  - m_Vertices: 3f000000
  m_SharedTextures: []
  m_Positions:
  - {x: 0, y: 0, z: 0}
  - {x: 0, y: 0, z: 2.5}
  - {x: 2.5, y: 0, z: 0}
  - {x: 2.5, y: 0, z: 2.5}
  - {x: 0, y: 0, z: 2.5}
  - {x: 0, y: 0, z: 5}
  - {x: 2.5, y: 0, z: 2.5}
  - {x: 2.5, y: 0, z: 5}
  - {x: 0, y: 0, z: 5}
  - {x: 0, y: 0, z: 7.5}
  - {x: 2.5, y: 0, z: 5}
  - {x: 2.5, y: 0, z: 7.5}
  - {x: 0, y: 0, z: 7.5}
  - {x: 0, y: 0, z: 10}
  - {x: 2.5, y: 0, z: 7.5}
  - {x: 2.5, y: 0, z: 10}
  - {x: 2.5, y: 0, z: 0}
  - {x: 2.5, y: 0, z: 2.5}
  - {x: 5, y: 0, z: 0}
  - {x: 5, y: 0, z: 2.5}
  - {x: 2.5, y: 0, z: 2.5}
  - {x: 2.5, y: 0, z: 5}
  - {x: 5, y: 0, z: 2.5}
  - {x: 5, y: 0, z: 5}
  - {x: 2.5, y: 0, z: 5}
  - {x: 2.5, y: 0, z: 7.5}
  - {x: 5, y: 0, z: 5}
  - {x: 5, y: 0, z: 7.5}
  - {x: 2.5, y: 0, z: 7.5}
  - {x: 2.5, y: 0, z: 10}
  - {x: 5, y: 0, z: 7.5}
  - {x: 5, y: 0, z: 10}
  - {x: 5, y: 0, z: 0}
  - {x: 5, y: 0, z: 2.5}
  - {x: 7.5, y: 0, z: 0}
  - {x: 7.5, y: 0, z: 2.5}
  - {x: 5, y: 0, z: 2.5}
  - {x: 5, y: 0, z: 5}
  - {x: 7.5, y: 0, z: 2.5}
  - {x: 7.5, y: 0, z: 5}
  - {x: 5, y: 0, z: 5}
  - {x: 5, y: 0, z: 7.5}
  - {x: 7.5, y: 0, z: 5}
  - {x: 7.5, y: 0, z: 7.5}
  - {x: 5, y: 0, z: 7.5}
  - {x: 5, y: 0, z: 10}
  - {x: 7.5, y: 0, z: 7.5}
  - {x: 7.5, y: 0, z: 10}
  - {x: 7.5, y: 0, z: 0}
  - {x: 7.5, y: 0, z: 2.5}
  - {x: 10, y: 0, z: 0}
  - {x: 10, y: 0, z: 2.5}
  - {x: 7.5, y: 0, z: 2.5}
  - {x: 7.5, y: 0, z: 5}
  - {x: 10, y: 0, z: 2.5}
  - {x: 10, y: 0, z: 5}
  - {x: 7.5, y: 0, z: 5}
  - {x: 7.5, y: 0, z: 7.5}
  - {x: 10, y: 0, z: 5}
  - {x: 10, y: 0, z: 7.5}
  - {x: 7.5, y: 0, z: 7.5}
  - {x: 7.5, y: 0, z: 10}
  - {x: 10, y: 0, z: 7.5}
  - {x: 10, y: 0, z: 10}
  m_Textures0:
  - {x: 0, y: 0}
  - {x: 0, y: 2.5}
  - {x: 2.5, y: 0}
  - {x: 2.5, y: 2.5}
  - {x: 0, y: 2.5}
  - {x: 0, y: 5}
  - {x: 2.5, y: 2.5}
  - {x: 2.5, y: 5}
  - {x: 0, y: 5}
  - {x: 0, y: 7.5}
  - {x: 2.5, y: 5}
  - {x: 2.5, y: 7.5}
  - {x: 0, y: 7.5}
  - {x: 0, y: 10}
  - {x: 2.5, y: 7.5}
  - {x: 2.5, y: 10}
  - {x: 2.5, y: 0}
  - {x: 2.5, y: 2.5}
  - {x: 5, y: 0}
  - {x: 5, y: 2.5}
  - {x: 2.5, y: 2.5}
  - {x: 2.5, y: 5}
  - {x: 5, y: 2.5}
  - {x: 5, y: 5}
  - {x: 2.5, y: 5}
  - {x: 2.5, y: 7.5}
  - {x: 5, y: 5}
  - {x: 5, y: 7.5}
  - {x: 2.5, y: 7.5}
  - {x: 2.5, y: 10}
  - {x: 5, y: 7.5}
  - {x: 5, y: 10}
  - {x: 5, y: 0}
  - {x: 5, y: 2.5}
  - {x: 7.5, y: 0}
  - {x: 7.5, y: 2.5}
  - {x: 5, y: 2.5}
  - {x: 5, y: 5}
  - {x: 7.5, y: 2.5}
  - {x: 7.5, y: 5}
  - {x: 5, y: 5}
  - {x: 5, y: 7.5}
  - {x: 7.5, y: 5}
  - {x: 7.5, y: 7.5}
  - {x: 5, y: 7.5}
  - {x: 5, y: 10}
  - {x: 7.5, y: 7.5}
  - {x: 7.5, y: 10}
  - {x: 7.5, y: 0}
  - {x: 7.5, y: 2.5}
  - {x: 10, y: 0}
  - {x: 10, y: 2.5}
  - {x: 7.5, y: 2.5}
  - {x: 7.5, y: 5}
  - {x: 10, y: 2.5}
  - {x: 10, y: 5}
  - {x: 7.5, y: 5}
  - {x: 7.5, y: 7.5}
  - {x: 10, y: 5}
  - {x: 10, y: 7.5}
  - {x: 7.5, y: 7.5}
  - {x: 7.5, y: 10}
  - {x: 10, y: 7.5}
  - {x: 10, y: 10}
  m_Textures2: []
  m_Textures3: []
  m_Tangents:
  - {x: 1, y: 0, z: 0, w: -1}
  - {x: 1, y: 0, z: 0, w: -1}
  - {x: 1, y: 0, z: 0, w: -1}
  - {x: 1, y: 0, z: 0, w: -1}
  - {x: 1, y: 0, z: 0, w: -1}
  - {x: 1, y: 0, z: 0, w: -1}
  - {x: 1, y: 0, z: 0, w: -1}
  - {x: 1, y: 0, z: 0, w: -1}
  - {x: 1, y: 0, z: 0, w: -1}
  - {x: 1, y: 0, z: 0, w: -1}
  - {x: 1, y: 0, z: 0, w: -1}
  - {x: 1, y: 0, z: 0, w: -1}
  - {x: 1, y: 0, z: 0, w: -1}
  - {x: 1, y: 0, z: 0, w: -1}
  - {x: 1, y: 0, z: 0, w: -1}
  - {x: 1, y: 0, z: 0, w: -1}
  - {x: 1, y: 0, z: 0, w: -1}
  - {x: 1, y: 0, z: 0, w: -1}
  - {x: 1, y: 0, z: 0, w: -1}
  - {x: 1, y: 0, z: 0, w: -1}
  - {x: 1, y: 0, z: 0, w: -1}
  - {x: 1, y: 0, z: 0, w: -1}
  - {x: 1, y: 0, z: 0, w: -1}
  - {x: 1, y: 0, z: 0, w: -1}
  - {x: 1, y: 0, z: 0, w: -1}
  - {x: 1, y: 0, z: 0, w: -1}
  - {x: 1, y: 0, z: 0, w: -1}
  - {x: 1, y: 0, z: 0, w: -1}
  - {x: 1, y: 0, z: 0, w: -1}
  - {x: 1, y: 0, z: 0, w: -1}
  - {x: 1, y: 0, z: 0, w: -1}
  - {x: 1, y: 0, z: 0, w: -1}
  - {x: 1, y: 0, z: 0, w: -1}
  - {x: 1, y: 0, z: 0, w: -1}
  - {x: 1, y: 0, z: 0, w: -1}
  - {x: 1, y: 0, z: 0, w: -1}
  - {x: 1, y: 0, z: 0, w: -1}
  - {x: 1, y: 0, z: 0, w: -1}
  - {x: 1, y: 0, z: 0, w: -1}
  - {x: 1, y: 0, z: 0, w: -1}
  - {x: 1, y: 0, z: 0, w: -1}
  - {x: 1, y: 0, z: 0, w: -1}
  - {x: 1, y: 0, z: 0, w: -1}
  - {x: 1, y: 0, z: 0, w: -1}
  - {x: 1, y: 0, z: 0, w: -1}
  - {x: 1, y: 0, z: 0, w: -1}
  - {x: 1, y: 0, z: 0, w: -1}
  - {x: 1, y: 0, z: 0, w: -1}
  - {x: 1, y: 0, z: 0, w: -1}
  - {x: 1, y: 0, z: 0, w: -1}
  - {x: 1, y: 0, z: 0, w: -1}
  - {x: 1, y: 0, z: 0, w: -1}
  - {x: 1, y: 0, z: 0, w: -1}
  - {x: 1, y: 0, z: 0, w: -1}
  - {x: 1, y: 0, z: 0, w: -1}
  - {x: 1, y: 0, z: 0, w: -1}
  - {x: 1, y: 0, z: 0, w: -1}
  - {x: 1, y: 0, z: 0, w: -1}
  - {x: 1, y: 0, z: 0, w: -1}
  - {x: 1, y: 0, z: 0, w: -1}
  - {x: 1, y: 0, z: 0, w: -1}
  - {x: 1, y: 0, z: 0, w: -1}
  - {x: 1, y: 0, z: 0, w: -1}
  - {x: 1, y: 0, z: 0, w: -1}
  m_Colors: []
  m_UnwrapParameters:
    m_HardAngle: 88
    m_PackMargin: 20
    m_AngleError: 8
    m_AreaError: 15
  m_PreserveMeshAssetOnDestroy: 0
  assetGuid: 
  m_IsSelectable: 1
  m_SelectedFaces: 
  m_SelectedEdges: []
  m_SelectedVertices: 
--- !u!23 &966711351
MeshRenderer:
  m_ObjectHideFlags: 0
  m_CorrespondingSourceObject: {fileID: 0}
  m_PrefabInstance: {fileID: 0}
  m_PrefabAsset: {fileID: 0}
  m_GameObject: {fileID: 966711348}
  m_Enabled: 1
  m_CastShadows: 1
  m_ReceiveShadows: 1
  m_DynamicOccludee: 1
  m_MotionVectors: 1
  m_LightProbeUsage: 1
  m_ReflectionProbeUsage: 1
  m_RayTracingMode: 2
  m_RayTraceProcedural: 0
  m_RenderingLayerMask: 1
  m_RendererPriority: 0
  m_Materials:
  - {fileID: 2100000, guid: c22777d6e868e4f2fb421913386b154e, type: 2}
  m_StaticBatchInfo:
    firstSubMesh: 0
    subMeshCount: 0
  m_StaticBatchRoot: {fileID: 0}
  m_ProbeAnchor: {fileID: 0}
  m_LightProbeVolumeOverride: {fileID: 0}
  m_ScaleInLightmap: 1
  m_ReceiveGI: 1
  m_PreserveUVs: 0
  m_IgnoreNormalsForChartDetection: 0
  m_ImportantGI: 0
  m_StitchLightmapSeams: 1
  m_SelectedEditorRenderState: 2
  m_MinimumChartSize: 4
  m_AutoUVMaxDistance: 0.5
  m_AutoUVMaxAngle: 89
  m_LightmapParameters: {fileID: 0}
  m_SortingLayerID: 0
  m_SortingLayer: 0
  m_SortingOrder: 0
  m_AdditionalVertexStreams: {fileID: 0}
--- !u!33 &966711352
MeshFilter:
  m_ObjectHideFlags: 0
  m_CorrespondingSourceObject: {fileID: 0}
  m_PrefabInstance: {fileID: 0}
  m_PrefabAsset: {fileID: 0}
  m_GameObject: {fileID: 966711348}
  m_Mesh: {fileID: 1676793072}
--- !u!4 &966711353
Transform:
  m_ObjectHideFlags: 0
  m_CorrespondingSourceObject: {fileID: 0}
  m_PrefabInstance: {fileID: 0}
  m_PrefabAsset: {fileID: 0}
  m_GameObject: {fileID: 966711348}
  m_LocalRotation: {x: 0, y: 0, z: 0, w: 1}
  m_LocalPosition: {x: -5, y: 0, z: -5}
  m_LocalScale: {x: 1, y: 1, z: 1}
  m_Children: []
  m_Father: {fileID: 0}
  m_RootOrder: 3
  m_LocalEulerAnglesHint: {x: 0, y: 0, z: 0}
--- !u!43 &1625213957
Mesh:
  m_ObjectHideFlags: 0
  m_CorrespondingSourceObject: {fileID: 0}
  m_PrefabInstance: {fileID: 0}
  m_PrefabAsset: {fileID: 0}
  m_Name: pb_Mesh-28644
  serializedVersion: 10
  m_SubMeshes:
  - serializedVersion: 2
    firstByte: 0
    indexCount: 252
    topology: 0
    baseVertex: 0
    firstVertex: 0
    vertexCount: 96
    localAABB:
      m_Center: {x: 0.5, y: 0.5, z: 1.75}
      m_Extent: {x: 0.5, y: 0.5, z: 2.75}
  m_Shapes:
    vertices: []
    shapes: []
    channels: []
    fullWeights: []
  m_BindPose: []
  m_BoneNameHashes: 
  m_RootBoneNameHash: 0
  m_BonesAABB: []
  m_VariableBoneCountWeights:
    m_Data: 
  m_MeshCompression: 0
  m_IsReadable: 1
  m_KeepVertices: 1
  m_KeepIndices: 1
  m_IndexFormat: 0
  m_IndexBuffer: 000001000200010003000200040005000600050007000600080009000a0009000b000a000c000d000e000d000f000e001000110012001100130012001400150016001500170016001600170018001700190018000f000d001a000d001b001a00040006001c0006001d001c00110010001e0010001f001e001800190020001900210020001a001b0022001b00230022001c001d0024001d00250024001e001f0026001f0027002600200021002800210029002800220023002a0023002b002a00240025002c0025002d002c00260027002e0027002f002e002800290030002900310030002a002b0032002b00330032002c002d0034002d00350034002e002f0036002f0037003600300031003800310039003800320033003a0033003b003a00340035003c0035003d003c00360037003e0037003f003e003800390040003900410040003a003b0042003b00430042003c003d0044003d00450044003e003f0046003f0047004600400041004800410049004800420043004a0043004b004a00440045004c0045004d004c00460047004e0047004f004e004800490050004900510050004a004b0052004b00530052004c004d0054004d00550054004e004f0056004f0057005600500051005800510059005800520053005a0053005b005a00540055005c0055005d005c00560057005e0057005f005e00
  m_VertexData:
    serializedVersion: 3
    m_VertexCount: 96
    m_Channels:
    - stream: 0
      offset: 0
      format: 0
      dimension: 3
    - stream: 0
      offset: 12
      format: 0
      dimension: 3
    - stream: 0
      offset: 24
      format: 0
      dimension: 4
    - stream: 0
      offset: 0
      format: 0
      dimension: 0
    - stream: 0
      offset: 40
      format: 0
      dimension: 2
    - stream: 0
      offset: 0
      format: 0
      dimension: 0
    - stream: 0
      offset: 0
      format: 0
      dimension: 0
    - stream: 0
      offset: 0
      format: 0
      dimension: 0
    - stream: 0
      offset: 0
      format: 0
      dimension: 0
    - stream: 0
      offset: 0
      format: 0
      dimension: 0
    - stream: 0
      offset: 0
      format: 0
      dimension: 0
    - stream: 0
      offset: 0
      format: 0
      dimension: 0
    - stream: 0
      offset: 0
      format: 0
      dimension: 0
    - stream: 0
      offset: 0
      format: 0
      dimension: 0
    m_DataSize: 4608
    _typelessdata: 00000000000000000000904000000000000000000000803f000080bf0000000000000000000080bf00000000000000000000803f000000000000904000000000000000000000803f000080bf0000000000000000000080bf000080bf00000000000000000000803f0000904000000000000000000000803f000080bf0000000000000000000080bf000000000000803f0000803f0000803f0000904000000000000000000000803f000080bf0000000000000000000080bf000080bf0000803f0000803f00000000000000000000803f000000000000000000000000000000000000803f000080bf00000000000000000000803f00000000000080bf0000803f000000000000000000000000000000000000803f000080bf000080bf000000000000803f0000803f000000000000803f000000000000000000000000000000000000803f000080bf000000000000803f0000803f0000803f000080bf0000803f000000000000000000000000000000000000803f000080bf000080bf0000803f0000803f00000000000080bf0000000000000000000080bf0000803f0000000000000000000080bf0000803f000000000000000000000000000080bf0000000000000000000080bf0000803f0000000000000000000080bf00000000000000000000803f0000803f000080bf0000000000000000000080bf0000803f0000000000000000000080bf0000803f0000803f000000000000803f000080bf0000000000000000000080bf0000803f0000000000000000000080bf000000000000803f0000000000000000000080bf000080bf00000000000000000000000000000000000080bf000080bf0000803f00000000000000000000000000000000000080bf00000000000000000000000000000000000080bf000080bf0000000000000000000000000000803f000080bf000080bf00000000000000000000000000000000000080bf000080bf0000803f0000803f000000000000803f00000000000080bf00000000000000000000000000000000000080bf000080bf000000000000803f000000000000803f00000000000000000000803f000000000000803f0000000000000000000080bf00000000000000000000803f0000803f00000000000000000000803f000000000000803f0000000000000000000080bf0000803f00000000000000000000803f000080bf000000000000803f000000000000803f0000000000000000000080bf00000000000080bf0000803f0000803f000080bf000000000000803f000000000000803f0000000000000000000080bf0000803f000080bf0000000000000000000080bf00000000000080bf00000000000080bf0000000000000000000080bf00000000000080bf0000803f00000000000080bf00000000000080bf00000000000080bf0000000000000000000080bf000080bf000080bf00000000000000000000000000000000000080bf00000000000080bf0000000000000000000080bf00000000000000000000803f000000000000000000000000000080bf00000000000080bf0000000000000000000080bf000080bf0000000000000000000000000000003f00000000000080bf00000000000080bf0000000000000000000080bf000000000000003f0000803f000000000000003f00000000000080bf00000000000080bf0000000000000000000080bf000080bf0000003f000000000000803f0000003f000080bf00000000000000000000000000000000000080bf000080bf000000bf0000803f00000000000000000000003f000080bf00000000000000000000000000000000000080bf000080bf000000bf000000000000803f000000000000003f0000803f000000000000000000000000000000000000803f000080bf0000003f000000000000803f0000803f0000003f0000803f000000000000000000000000000000000000803f000080bf0000003f0000803f0000803f0000803f0000003f000000000000803f000000000000803f0000000000000000000080bf0000803f0000003f000000000000803f0000003f000000000000803f000000000000803f0000000000000000000080bf000000000000003f00000000000000000000803f00000000000080bf00000000000080bf0000000000000000000080bf000000000000803f0000803f000000000000803f00000000000080bf00000000000080bf0000000000000000000080bf000080bf0000803f000000000000803f0000803f000080bf00000000000000000000000000000000000080bf000080bf000080bf0000803f00000000000000000000803f000080bf00000000000000000000000000000000000080bf000080bf000080bf000000000000803f000000000000803f0000803f000000000000000000000000000000000000803f000080bf0000803f000000000000803f0000803f0000803f0000803f000000000000000000000000000000000000803f000080bf0000803f0000803f0000803f0000803f0000803f000000000000803f000000000000803f0000000000000000000080bf0000803f0000803f000000000000803f0000803f000000000000803f000000000000803f0000000000000000000080bf000000000000803f00000000000000000000c03f00000000000080bf00000000000080bf0000000000000000000080bf000000000000c03f0000803f000000000000c03f00000000000080bf00000000000080bf0000000000000000000080bf000080bf0000c03f000000000000803f0000c03f000080bf00000000000000000000000000000000000080bf000080bf0000c0bf0000803f00000000000000000000c03f000080bf00000000000000000000000000000000000080bf000080bf0000c0bf000000000000803f000000000000c03f0000803f000000000000000000000000000000000000803f000080bf0000c03f000000000000803f0000803f0000c03f0000803f000000000000000000000000000000000000803f000080bf0000c03f0000803f0000803f0000803f0000c03f000000000000803f000000000000803f0000000000000000000080bf0000803f0000c03f000000000000803f0000c03f000000000000803f000000000000803f0000000000000000000080bf000000000000c03f00000000000000000000004000000000000080bf00000000000080bf0000000000000000000080bf00000000000000400000803f000000000000004000000000000080bf00000000000080bf0000000000000000000080bf000080bf00000040000000000000803f00000040000080bf00000000000000000000000000000000000080bf000080bf000000c00000803f000000000000000000000040000080bf00000000000000000000000000000000000080bf000080bf000000c0000000000000803f00000000000000400000803f000000000000000000000000000000000000803f000080bf00000040000000000000803f0000803f000000400000803f000000000000000000000000000000000000803f000080bf000000400000803f0000803f0000803f00000040000000000000803f000000000000803f0000000000000000000080bf0000803f00000040000000000000803f00000040000000000000803f000000000000803f0000000000000000000080bf000000000000004000000000000000000000204000000000000080bf00000000000080bf0000000000000000000080bf00000000000020400000803f000000000000204000000000000080bf00000000000080bf0000000000000000000080bf000080bf00002040000000000000803f00002040000080bf00000000000000000000000000000000000080bf000080bf000020c00000803f000000000000000000002040000080bf00000000000000000000000000000000000080bf000080bf000020c0000000000000803f00000000000020400000803f000000000000000000000000000000000000803f000080bf00002040000000000000803f0000803f000020400000803f000000000000000000000000000000000000803f000080bf000020400000803f0000803f0000803f00002040000000000000803f000000000000803f0000000000000000000080bf0000803f00002040000000000000803f00002040000000000000803f000000000000803f0000000000000000000080bf000000000000204000000000000000000000404000000000000080bf00000000000080bf0000000000000000000080bf00000000000040400000803f000000000000404000000000000080bf00000000000080bf0000000000000000000080bf000080bf00004040000000000000803f00004040000080bf00000000000000000000000000000000000080bf000080bf000040c00000803f000000000000000000004040000080bf00000000000000000000000000000000000080bf000080bf000040c0000000000000803f00000000000040400000803f000000000000000000000000000000000000803f000080bf00004040000000000000803f0000803f000040400000803f000000000000000000000000000000000000803f000080bf000040400000803f0000803f0000803f00004040000000000000803f000000000000803f0000000000000000000080bf0000803f00004040000000000000803f00004040000000000000803f000000000000803f0000000000000000000080bf000000000000404000000000000000000000604000000000000080bf00000000000080bf0000000000000000000080bf00000000000060400000803f000000000000604000000000000080bf00000000000080bf0000000000000000000080bf000080bf00006040000000000000803f00006040000080bf00000000000000000000000000000000000080bf000080bf000060c00000803f000000000000000000006040000080bf00000000000000000000000000000000000080bf000080bf000060c0000000000000803f00000000000060400000803f000000000000000000000000000000000000803f000080bf00006040000000000000803f0000803f000060400000803f000000000000000000000000000000000000803f000080bf000060400000803f0000803f0000803f00006040000000000000803f000000000000803f0000000000000000000080bf0000803f00006040000000000000803f00006040000000000000803f000000000000803f0000000000000000000080bf000000000000604000000000000000000000804000000000000080bf00000000000080bf0000000000000000000080bf00000000000080400000803f000000000000804000000000000080bf00000000000080bf0000000000000000000080bf000080bf00008040000000000000803f00008040000080bf00000000000000000000000000000000000080bf000080bf000080c00000803f000000000000000000008040000080bf00000000000000000000000000000000000080bf000080bf000080c0000000000000803f00000000000080400000803f000000000000000000000000000000000000803f000080bf00008040000000000000803f0000803f000080400000803f000000000000000000000000000000000000803f000080bf000080400000803f0000803f0000803f00008040000000000000803f000000000000803f0000000000000000000080bf0000803f00008040000000000000803f00008040000000000000803f000000000000803f0000000000000000000080bf000000000000804000000000000000000000904000000000000080bf00000000000080bf0000000000000000000080bf00000000000090400000803f000000000000904000000000000080bf00000000000080bf0000000000000000000080bf000080bf00009040000000000000803f00009040000080bf00000000000000000000000000000000000080bf000080bf000090c00000803f000000000000000000009040000080bf00000000000000000000000000000000000080bf000080bf000090c0000000000000803f00000000000090400000803f000000000000000000000000000000000000803f000080bf00009040000000000000803f0000803f000090400000803f000000000000000000000000000000000000803f000080bf000090400000803f0000803f0000803f00009040000000000000803f000000000000803f0000000000000000000080bf0000803f00009040000000000000803f00009040000000000000803f000000000000803f0000000000000000000080bf0000000000009040
  m_CompressedMesh:
    m_Vertices:
      m_NumItems: 0
      m_Range: 0
      m_Start: 0
      m_Data: 
      m_BitSize: 0
    m_UV:
      m_NumItems: 0
      m_Range: 0
      m_Start: 0
      m_Data: 
      m_BitSize: 0
    m_Normals:
      m_NumItems: 0
      m_Range: 0
      m_Start: 0
      m_Data: 
      m_BitSize: 0
    m_Tangents:
      m_NumItems: 0
      m_Range: 0
      m_Start: 0
      m_Data: 
      m_BitSize: 0
    m_Weights:
      m_NumItems: 0
      m_Data: 
      m_BitSize: 0
    m_NormalSigns:
      m_NumItems: 0
      m_Data: 
      m_BitSize: 0
    m_TangentSigns:
      m_NumItems: 0
      m_Data: 
      m_BitSize: 0
    m_FloatColors:
      m_NumItems: 0
      m_Range: 0
      m_Start: 0
      m_Data: 
      m_BitSize: 0
    m_BoneIndices:
      m_NumItems: 0
      m_Data: 
      m_BitSize: 0
    m_Triangles:
      m_NumItems: 0
      m_Data: 
      m_BitSize: 0
    m_UVInfo: 0
  m_LocalAABB:
    m_Center: {x: 0.5, y: 0.5, z: 1.75}
    m_Extent: {x: 0.5, y: 0.5, z: 2.75}
  m_MeshUsageFlags: 0
  m_BakedConvexCollisionMesh: 
  m_BakedTriangleCollisionMesh: 
  m_MeshMetrics[0]: 1
  m_MeshMetrics[1]: 1
  m_MeshOptimizationFlags: 1
  m_StreamData:
    serializedVersion: 2
    offset: 0
    size: 0
    path: 
--- !u!43 &1676793072
Mesh:
  m_ObjectHideFlags: 0
  m_CorrespondingSourceObject: {fileID: 0}
  m_PrefabInstance: {fileID: 0}
  m_PrefabAsset: {fileID: 0}
  m_Name: pb_Mesh-22808
  serializedVersion: 10
  m_SubMeshes:
  - serializedVersion: 2
    firstByte: 0
    indexCount: 96
    topology: 0
    baseVertex: 0
    firstVertex: 0
    vertexCount: 25
    localAABB:
      m_Center: {x: 5, y: 0, z: 5}
      m_Extent: {x: 5, y: 0, z: 5}
  m_Shapes:
    vertices: []
    shapes: []
    channels: []
    fullWeights: []
  m_BindPose: []
  m_BoneNameHashes: 
  m_RootBoneNameHash: 0
  m_BonesAABB: []
  m_VariableBoneCountWeights:
    m_Data: 
  m_MeshCompression: 0
  m_IsReadable: 1
  m_KeepVertices: 1
  m_KeepIndices: 1
  m_IndexFormat: 0
  m_IndexBuffer: 000001000200010003000200010004000300040005000300040006000500060007000500060008000700080009000700020003000a0003000b000a00030005000b0005000c000b00050007000c0007000d000c00070009000d0009000e000d000a000b000f000b0010000f000b000c0010000c00110010000c000d0011000d00120011000d000e0012000e00130012000f0010001400100015001400100011001500110016001500110012001600120017001600120013001700130018001700
  m_VertexData:
    serializedVersion: 3
    m_VertexCount: 25
    m_Channels:
    - stream: 0
      offset: 0
      format: 0
      dimension: 3
    - stream: 0
      offset: 12
      format: 0
      dimension: 3
    - stream: 0
      offset: 24
      format: 0
      dimension: 4
    - stream: 0
      offset: 0
      format: 0
      dimension: 0
    - stream: 0
      offset: 40
      format: 0
      dimension: 2
    - stream: 0
      offset: 0
      format: 0
      dimension: 0
    - stream: 0
      offset: 0
      format: 0
      dimension: 0
    - stream: 0
      offset: 0
      format: 0
      dimension: 0
    - stream: 0
      offset: 0
      format: 0
      dimension: 0
    - stream: 0
      offset: 0
      format: 0
      dimension: 0
    - stream: 0
      offset: 0
      format: 0
      dimension: 0
    - stream: 0
      offset: 0
      format: 0
      dimension: 0
    - stream: 0
      offset: 0
      format: 0
      dimension: 0
    - stream: 0
      offset: 0
      format: 0
      dimension: 0
    m_DataSize: 1200
    _typelessdata: 000000000000000000000000000000000000803f000000000000803f0000000000000000000080bf0000000000000000000000000000000000002040000000000000803f000000000000803f0000000000000000000080bf0000000000002040000020400000000000000000000000000000803f000000000000803f0000000000000000000080bf0000204000000000000020400000000000002040000000000000803f000000000000803f0000000000000000000080bf000020400000204000000000000000000000a040000000000000803f000000000000803f0000000000000000000080bf000000000000a04000002040000000000000a040000000000000803f000000000000803f0000000000000000000080bf000020400000a04000000000000000000000f040000000000000803f000000000000803f0000000000000000000080bf000000000000f04000002040000000000000f040000000000000803f000000000000803f0000000000000000000080bf000020400000f040000000000000000000002041000000000000803f000000000000803f0000000000000000000080bf0000000000002041000020400000000000002041000000000000803f000000000000803f0000000000000000000080bf00002040000020410000a0400000000000000000000000000000803f000000000000803f0000000000000000000080bf0000a040000000000000a0400000000000002040000000000000803f000000000000803f0000000000000000000080bf0000a040000020400000a040000000000000a040000000000000803f000000000000803f0000000000000000000080bf0000a0400000a0400000a040000000000000f040000000000000803f000000000000803f0000000000000000000080bf0000a0400000f0400000a0400000000000002041000000000000803f000000000000803f0000000000000000000080bf0000a040000020410000f0400000000000000000000000000000803f000000000000803f0000000000000000000080bf0000f040000000000000f0400000000000002040000000000000803f000000000000803f0000000000000000000080bf0000f040000020400000f040000000000000a040000000000000803f000000000000803f0000000000000000000080bf0000f0400000a0400000f040000000000000f040000000000000803f000000000000803f0000000000000000000080bf0000f0400000f0400000f0400000000000002041000000000000803f000000000000803f0000000000000000000080bf0000f04000002041000020410000000000000000000000000000803f000000000000803f0000000000000000000080bf0000204100000000000020410000000000002040000000000000803f000000000000803f0000000000000000000080bf000020410000204000002041000000000000a040000000000000803f000000000000803f0000000000000000000080bf000020410000a04000002041000000000000f040000000000000803f000000000000803f0000000000000000000080bf000020410000f040000020410000000000002041000000000000803f000000000000803f0000000000000000000080bf0000204100002041
  m_CompressedMesh:
    m_Vertices:
      m_NumItems: 0
      m_Range: 0
      m_Start: 0
      m_Data: 
      m_BitSize: 0
    m_UV:
      m_NumItems: 0
      m_Range: 0
      m_Start: 0
      m_Data: 
      m_BitSize: 0
    m_Normals:
      m_NumItems: 0
      m_Range: 0
      m_Start: 0
      m_Data: 
      m_BitSize: 0
    m_Tangents:
      m_NumItems: 0
      m_Range: 0
      m_Start: 0
      m_Data: 
      m_BitSize: 0
    m_Weights:
      m_NumItems: 0
      m_Data: 
      m_BitSize: 0
    m_NormalSigns:
      m_NumItems: 0
      m_Data: 
      m_BitSize: 0
    m_TangentSigns:
      m_NumItems: 0
      m_Data: 
      m_BitSize: 0
    m_FloatColors:
      m_NumItems: 0
      m_Range: 0
      m_Start: 0
      m_Data: 
      m_BitSize: 0
    m_BoneIndices:
      m_NumItems: 0
      m_Data: 
      m_BitSize: 0
    m_Triangles:
      m_NumItems: 0
      m_Data: 
      m_BitSize: 0
    m_UVInfo: 0
  m_LocalAABB:
    m_Center: {x: 5, y: 0, z: 5}
    m_Extent: {x: 5, y: 0, z: 5}
  m_MeshUsageFlags: 0
  m_BakedConvexCollisionMesh: 
  m_BakedTriangleCollisionMesh: 
  m_MeshMetrics[0]: 1
  m_MeshMetrics[1]: 1
  m_MeshOptimizationFlags: 1
  m_StreamData:
    serializedVersion: 2
    offset: 0
    size: 0
    path: 
